@misc{Pew1,
	organization = {Pew Research Center},
	title = {Anonymity, Privacy, and Security Online},
	date = {September 5, 2013},
	author = {LEE RAINIE, SARA KIESLER, RUOGU KANG AND MARY MADDEN},
	url = {http://www.pewinternet.org/2013/09/05/anonymity-privacy-and-security-online/}
}

@misc{Pew2,
	organization = {Pew Research Center},
	author = {Lee Rainie},
	title = {The state of privacy in post-Snowden America},
	date = {September 21, 2016},
	url = {http://www.pewresearch.org/fact-tank/2016/09/21/the-state-of-privacy-in-america/}
}

@inproceedings{acquisti2004privacy,
	title={Privacy in electronic commerce and the economics of immediate gratification},
	author={Acquisti, Alessandro},
	booktitle={Proceedings of the 5th ACM conference on Electronic commerce},
	pages={21--29},
	year={2004},
	organization={ACM}
}

@inproceedings{shokri2011quantifying,
	title={Quantifying location privacy},
	author={Shokri, Reza and Theodorakopoulos, George and Le Boudec, Jean-Yves and Hubaux, Jean-Pierre},
	booktitle={Security and privacy (sp), 2011 ieee symposium on},
	pages={247--262},
	year={2011},
	organization={IEEE}
}

@article{krumm2009survey,
	title={A survey of computational location privacy},
	author={Krumm, John},
	journal={Personal and Ubiquitous Computing},
	volume={13},
	number={6},
	pages={391--399},
	year={2009},
	publisher={Springer}
}

@inproceedings{freudiger2009non,
	title={On non-cooperative location privacy: a game-theoretic analysis},
	author={Freudiger, Julien and Manshaei, Mohammad Hossein and Hubaux, Jean-Pierre and Parkes, David C},
	booktitle={Proceedings of the 16th ACM conference on Computer and communications security},
	pages={324--337},
	year={2009},
	organization={ACM}
}

@article{sankar2013utility,
	title={Utility-privacy tradeoffs in databases: An information-theoretic approach},
	author={Sankar, Lalitha and Rajagopalan, S Raj and Poor, H Vincent},
	journal={IEEE Transactions on Information Forensics and Security},
	volume={8},
	number={6},
	pages={838--852},
	year={2013},
	publisher={IEEE}
}

@inproceedings{soroush2013turning,
	title={Turning Off GPS is Not Enough: Cellular location leaks over the Internet},
	author={Soroush, Hamed and Sung, Keen and Learned-Miller, Erik and Levine, Brian Neil and Liberatore, Marc},
	booktitle={International Symposium on Privacy Enhancing Technologies Symposium},
	pages={103--122},
	year={2013},
	organization={Springer}
}

@inproceedings{andres2013geo,
	title={Geo-indistinguishability: Differential privacy for location-based systems},
	author={Andr{\'e}s, Miguel E and Bordenabe, Nicol{\'a}s E and Chatzikokolakis, Konstantinos and Palamidessi, Catuscia},
	booktitle={Proceedings of the 2013 ACM SIGSAC conference on Computer \& communications security},
	pages={901--914},
	year={2013},
	organization={ACM}
}

@inproceedings{ho2011differential,
	title={Differential privacy for location pattern mining},
	author={Ho, Shen-Shyang and Ruan, Shuhua},
	booktitle={Proceedings of the 4th ACM SIGSPATIAL International Workshop on Security and Privacy in GIS and LBS},
	pages={17--24},
	year={2011},
	organization={ACM}
}

@article{shou2013supporting,
	title={Supporting pattern-preserving anonymization for time-series data},
	author={Shou, Lidan and Shang, Xuan and Chen, Ke and Chen, Gang and Zhang, Chao},
	journal={IEEE Transactions on Knowledge and Data Engineering},
	volume={25},
	number={4},
	pages={877--892},
	year={2013},
	publisher={IEEE}
}

@article{eagle2006reality,
	title={Reality mining: sensing complex social systems},
	author={Eagle, Nathan and Pentland, Alex Sandy},
	journal={Personal and ubiquitous computing},
	volume={10},
	number={4},
	pages={255--268},
	year={2006},
	publisher={Springer}
}

@inproceedings{nillius2006multi,
title={Multi-target tracking-linking identities using bayesian network inference},
author={Nillius, Peter and Sullivan, Josephine and Carlsson, Stefan},
booktitle={Computer Vision and Pattern Recognition, 2006 IEEE Computer Society Conference on},
volume={2},
pages={2187--2194},
year={2006},
organization={IEEE}
}

@inproceedings{cunha2015understanding,
	title={Understanding interactions in vehicular networks through taxi mobility},
	author={Cunha, Felipe D and Alvarenga, Davidysson A and Viana, Aline C and Mini, Raquel AF and Loureiro, Antonio AF},
	booktitle={Proceedings of the 12th ACM Symposium on Performance Evaluation of Wireless Ad Hoc, Sensor, \& Ubiquitous Networks},
	pages={17--24},
	year={2015},
	organization={ACM}
}
@article{shin2012privacy,
	title={Privacy protection for users of location-based services},
	author={Shin, Kang G and Ju, Xiaoen and Chen, Zhigang and Hu, Xin},
	journal={IEEE Wireless Communications},
	volume={19},
	number={1},
	year={2012},
	publisher={IEEE}
}

@article{johnson2013bayesian,
	title={Bayesian nonparametric hidden semi-Markov models},
	author={Johnson, Matthew J and Willsky, Alan S},
	journal={Journal of Machine Learning Research},
	volume={14},
	number={Feb},
	pages={673--701},
	year={2013}
}

@inproceedings{de2008identification,
	title={Identification via location-profiling in GSM networks},
	author={De Mulder, Yoni and Danezis, George and Batina, Lejla and Preneel, Bart},
	booktitle={Proceedings of the 7th ACM workshop on Privacy in the electronic society},
	pages={23--32},
	year={2008},
	organization={ACM}
}



@misc{Wortham:2010,
	Author = {Jenna Wortham},
	Date-Added = {2014-03-11 04:13:05 +0000},
	Date-Modified = {2014-03-11 04:14:20 +0000},
	Howpublished = {\url{http://www.nytimes.com/2010/05/14/technology/personaltech/14talk.html}},
	Month = {May 13},
	Title = {{Cellphones Now Used More for Data Than for Calls}},
	Year = {2010}}

@misc{Scahill:2014,
	Author = { Jeremy Scahill and Glenn Greenwald },
	Date-Added = {2014-03-11 02:36:40 +0000},
	Date-Modified = {2014-03-11 02:37:30 +0000},
	Howpublished = {\url{https://firstlook.org/theintercept/article/2014/02/10/the-nsas-secret-role/}},
	Month = {10 Feb},
	Title = {{The NSA's Secret Role in the U.S. Assassination Program}},
	Year = {2014}}

@book{Kerr:2009,
	Author = {Orin S.\ Kerr},
	Date-Added = {2014-03-10 17:41:05 +0000},
	Date-Modified = {2014-03-10 17:41:06 +0000},
	Edition = {2nd},
	Month = {October},
	Publisher = {West (Thomson Reuters)},
	Title = {Computer Crime Law},
	Year = 2009}

@article{Wong:2000,
	Author = {Wong, V. W.-S. and Leung, V. C.M.},
	Date-Added = {2014-03-10 01:15:10 +0000},
	Date-Modified = {2014-03-10 01:15:43 +0000},
	Journal = {IEEE Network},
	Month = sep,
	Number = {5},
	Pages = {18--24},
	Title = {{Location Management for Next-generation Personal Communications Networks}},
	Volume = {14},
	Year = {2000}}

@inproceedings{Wang:2011,
	Author = {Wang, Zhaoguang and Qian, Zhiyun and Xu, Qiang and Mao, Zhuoqing and Zhang, Ming},
	Booktitle = {Proc.\ ACM SIGCOMM},
	Date-Added = {2014-03-08 15:46:17 +0000},
	Date-Modified = {2014-03-08 15:46:45 +0000},
	Pages = {374--385},
	Title = {{An Untold Story of Middleboxes in Cellular Networks}},
	Year = {2011}}

@incollection{Krzywinski:2003,
	Author = {Krzywinski, M.},
	Booktitle = {SysAdmin Magazine},
	Date-Added = {2014-03-08 13:43:21 +0000},
	Date-Modified = {2014-03-08 13:44:05 +0000},
	Pages = {12--17},
	Title = {{Port Knocking: Network Authentication Across Closed Ports}},
	Volume = {12},
	Year = {2003}}

@article{deGraaf:2005,
	Author = {Rennie deGraaf and John Aycock and Michael Jr. Jacobson},
	Date-Added = {2014-03-08 13:41:15 +0000},
	Date-Modified = {2014-03-08 13:41:40 +0000},
	Journal = {Proc.\ Annual Computer Security Applications Conf.},
	Pages = {451--462},
	Title = {{Improved Port Knocking with Strong Authentication}},
	Year = {2005}}

@incollection{Bellare:1996,
	Author = {Bellare, Mihir and Canetti, Ran and Krawczyk, Hugo},
	Booktitle = {Proc.\ Advances in Cryptology},
	Date-Added = {2014-03-08 13:31:08 +0000},
	Date-Modified = {2014-03-08 13:31:36 +0000},
	Pages = {1--15},
	Series = {LNCS},
	Title = {{Keying Hash Functions for Message Authentication}},
	Volume = {1109},
	Year = {1996}}

@book{Razavi:2011,
	Address = {Link{\"o}ping},
	Author = {Sara Modarres Razavi},
	Date-Added = {2014-03-06 17:32:13 +0000},
	Date-Modified = {2014-03-06 17:32:29 +0000},
	Isbn = {978-91-7393-214-1},
	Title = {Tracking Area Planning in Cellular Networks [Elektronisk resurs] : Optimization and Performance Evaluation},
	Year = {2011}}

@article{Eagle:2006,
	Author = {N. Eagle and A. Pentland},
	Date-Added = {2014-03-06 17:19:50 +0000},
	Date-Modified = {2014-03-06 17:19:51 +0000},
	Journal = {Personal and Ubiquitous Computing},
	Number = {4},
	Pages = {255-268},
	Title = {{Reality Mining: Sensing Complex Social Systems}},
	Volume = {10},
	Year = {2006}}

@article{Pagnia:2003,
	Author = {H. Pagnia and H. Vogt and F. C. Gaertner},
	Date-Added = {2014-02-23 15:56:40 +0000},
	Date-Modified = {2014-02-23 15:56:40 +0000},
	Journal = {The Computer Journal},
	Number = {1},
	Pages = {55--78},
	Title = {{Fair Exchange}},
	Volume = {46},
	Year = {2003}}

@techreport{Zhang:2004a,
	Author = {X. Zhang and H. Schulzrinne},
	Date-Added = {2014-02-16 15:40:16 +0000},
	Date-Modified = {2014-02-16 15:40:16 +0000},
	Institution = {Columbia University},
	Number = {CUCS-033-04},
	Title = {Voice over TCP and UDP},
	Year = {2004}}

@inproceedings{Polak:2011a,
	Author = {A. Polak and D. Goeckel},
	Booktitle = {Proc.\ Asilomar Conf.\ on Signals, Systems, and Computers},
	Date-Added = {2014-02-16 15:39:46 +0000},
	Date-Modified = {2014-02-16 15:39:46 +0000},
	Month = {May},
	Title = {{RF Fingerprinting of Users who Actively Mask Their Identities with Artificial Distortion}},
	Year = {2011}}

@article{Polak:2011,
	Author = {A. Polak and S. Dolathshahi and D. Goeckel},
	Date-Added = {2014-02-16 15:39:46 +0000},
	Date-Modified = {2014-02-16 15:39:46 +0000},
	Journal = {IEEE JSAC: Special Issue on Advances in Digital Forensics for Communications and Networking},
	Month = {August},
	Number = {7},
	Pages = {1469--1479},
	Title = {{Identifying Wireless Users via Transmitter Imperfections}},
	Volume = {29},
	Year = {2011}}

@inproceedings{Meyer:2004,
	Author = {Meyer, Ulrike and Wetzel, Susanne},
	Booktitle = {Proc.\ ACM Wrkshp on Wireless Security},
	Date-Added = {2014-02-16 15:39:34 +0000},
	Date-Modified = {2014-02-16 15:39:34 +0000},
	Doi = {10.1145/1023646.1023662},
	Isbn = {1-58113-925-X},
	Pages = {90--97},
	Title = {{A Man-in-the-middle Attack on UMTS}},
	Url = {http://doi.acm.org/10.1145/1023646.1023662},
	Year = {2004},
	Bdsk-Url-1 = {http://doi.acm.org/10.1145/1023646.1023662},
	Bdsk-Url-2 = {http://dx.doi.org/10.1145/1023646.1023662}}

@misc{Security-Research-Labs:2013,
	Author = {{Security Research Labs}},
	Date-Added = {2014-01-10 02:28:25 +0000},
	Date-Modified = {2014-01-10 02:29:32 +0000},
	Howpublished = {\url{http://gsmmap.org/assets/pdfs/gsmmap.org-country_report-United_States_of_America-2013-08.pdf}},
	Month = {August},
	Title = {GSM Map Project: ￼GSM security country report (USA)},
	Year = {2013}}

@misc{Timberg:2013,
	Author = {Craig Timberg and Ashkan Soltani},
	Date-Added = {2014-01-10 02:27:05 +0000},
	Date-Modified = {2014-01-10 02:27:38 +0000},
	Howpublished = {\url{http://www.washingtonpost.com/business/technology/by-cracking-cellphone-code-nsa-has-capacity-for-decoding-private-conversations/2013/12/13/e119b598-612f-11e3-bf45-61f69f54fc5f_story.html}},
	Month = {December 13},
	Title = {{By cracking cellphone code, NSA has capacity for decoding private conversations}},
	Year = {2013}}

@misc{Mobile-Europe:2013,
	Author = {{Mobile Europe}},
	Date-Added = {2014-01-10 02:06:37 +0000},
	Date-Modified = {2014-01-10 02:07:24 +0000},
	Howpublished = {\url{http://www.mobileeurope.co.uk/Press-Wire/deutsche-telekom-upgrades-mobile-network-security-with-a5-3-encryption-standard}},
	Month = {December},
	Title = {Deutsche Telekom upgrades mobile network security with A5/3 encryption standard},
	Year = {2013}}

@misc{AST:spider,
	Author = {{Advanced Surveillance Technology, Inc.}},
	Date-Added = {2014-01-10 02:02:53 +0000},
	Date-Modified = {2014-01-10 19:43:40 +0000},
	Howpublished = {\url{media.wix.com/ugd/70bfc5_619d9e6fc11df018f9af893328e798dd.pdf}},
	Title = {Wide-Area (Spider-Web) Passive Interception System}}

@phdthesis{cite-key,
	Date-Added = {2014-01-10 02:02:52 +0000},
	Date-Modified = {2014-01-10 02:02:52 +0000}}

@article{Schneier:2006,
	Author = {Schneier, Bruce},
	Date-Added = {2014-01-08 16:25:01 +0000},
	Date-Modified = {2014-01-08 16:26:28 +0000},
	Journal = {Wired},
	Month = {May},
	Title = {The Eternal Value of Privacy},
	Year = {2006}}

@inproceedings{Toorani:2008,
	Author = {Toorani, M. and Beheshti, A.},
	Booktitle = {Proc.\ Conf.\ Next Generation Mobile Applications, Services and Technologies},
	Date-Added = {2014-01-06 04:56:06 +0000},
	Date-Modified = {2014-01-06 04:56:14 +0000},
	Doi = {10.1109/NGMAST.2008.88},
	Pages = {576-581},
	Title = {{Solutions to the GSM Security Weaknesses}},
	Year = {2008}}

@inproceedings{Biryukov:2001,
	Author = {Biryukov, Alex and Shamir, Adi and Wagner, David},
	Booktitle = {Proc.\ Intl.\ Wrkshp on Fast Software Encryption},
	Date-Added = {2014-01-06 04:20:36 +0000},
	Date-Modified = {2014-01-06 04:21:21 +0000},
	Isbn = {3-540-41728-1},
	Numpages = {18},
	Pages = {1--18},
	Title = {{Real Time Cryptanalysis of A5/1 on a PC}},
	Url = {http://dl.acm.org/citation.cfm?id=647935.741059},
	Year = {2001}}

@article{Barkan:2008,
	Author = {Barkan, Elad and Biham, Eli and Keller, Nathan},
	Date-Added = {2014-01-06 04:16:41 +0000},
	Date-Modified = {2014-01-06 04:16:49 +0000},
	Doi = {10.1007/s00145-007-9001-y},
	Issn = {0933-2790},
	Issue_Date = {March 2008},
	Journal = {Journal of Cryptology},
	Month = mar,
	Number = {3},
	Numpages = {38},
	Pages = {392--429},
	Title = {{Instant Ciphertext-Only Cryptanalysis of GSM Encrypted Communication}},
	Url = {http://dx.doi.org/10.1007/s00145-007-9001-y},
	Volume = {21},
	Year = {2008}}

@inproceedings{Rao:2002,
	Author = {Rao, J.R. and Rohatgi, P. and Scherzer, H. and Tinguely, S.},
	Booktitle = {IEEE Symp.\ Security and Privacy},
	Date-Added = {2014-01-06 04:08:37 +0000},
	Date-Modified = {2014-01-06 04:08:38 +0000},
	Doi = {10.1109/SECPRI.2002.1004360},
	Issn = {1081-6011},
	Pages = {31-41},
	Title = {{Partitioning attacks: or how to rapidly clone some GSM cards}},
	Year = {2002}}

@inproceedings{Nowlan:2012,
	Author = {Nowlan, Michael F. and Tiwari, Nabin and Iyengar, Janardhan and Aminy, Syed Obaid and Fordy, Bryan},
	Booktitle = {Proc.\ USENIX NSDI},
	Date-Added = {2014-01-06 03:13:57 +0000},
	Date-Modified = {2014-01-06 03:14:13 +0000},
	Pages = {28--28},
	Title = {Fitting Square Pegs Through Round Pipes: Unordered Delivery Wire-compatible with TCP and TLS},
	Url = {http://dl.acm.org/citation.cfm?id=2228298.2228337},
	Year = {2012}}

@inproceedings{Brosh:2008,
	Author = {Brosh, Eli and Baset, Salman Abdul and Rubenstein, Dan and Schulzrinne, Henning},
	Booktitle = {Proc.\ ACM SIGMETRICS},
	Date-Added = {2014-01-06 03:12:12 +0000},
	Date-Modified = {2014-01-06 03:12:30 +0000},
	Doi = {10.1145/1375457.1375464},
	Pages = {49--60},
	Title = {The Delay-friendliness of TCP},
	Url = {http://doi.acm.org/10.1145/1375457.1375464},
	Year = {2008}}

@article{Brosh:2010,
	Author = {Brosh, E. and Baset, S.A. and Misra, V. and Rubenstein, D. and Schulzrinne, Henning},
	Date-Added = {2014-01-06 03:10:06 +0000},
	Date-Modified = {2014-01-06 03:10:17 +0000},
	Doi = {10.1109/TNET.2010.2050780},
	Issn = {1063-6692},
	Journal = {IEEE/ACM Trans.\ on Networking},
	Number = {5},
	Pages = {1478-1491},
	Title = {{The Delay-Friendliness of TCP for Real-Time Traffic}},
	Volume = {18},
	Year = {2010}}

@misc{GSMmap:2013,
	Author = {{GSM Map Project, Security Research Labs}},
	Date-Added = {2014-01-06 02:52:11 +0000},
	Date-Modified = {2014-01-06 02:58:47 +0000},
	Howpublished = {\url{http://gsmmap.org/assets/pdfs/gsmmap.org-country_report-United_States_of_America-2013-08.pdf}},
	Month = {August},
	Title = {{GSM security country report: US}},
	Year = {2013}}

@book{Smith:2007,
	Author = {Clint Smith and Daniel Collins},
	Date-Added = {2014-01-05 13:12:12 +0000},
	Date-Modified = {2014-01-05 13:13:20 +0000},
	Edition = {2nd},
	Title = {3G Wireless Networks},
	Year = {2007}}

@article{Ficek:2013a,
	Author = {Michal Ficek and Tom{\'a}{\v s} Pop and Luk{\'a}{\v s} Kencl},
	Date-Added = {2014-01-05 03:58:18 +0000},
	Date-Modified = {2014-01-05 03:58:19 +0000},
	Doi = {http://dx.doi.org/10.1016/j.comnet.2013.03.013},
	Issn = {1389-1286},
	Journal = {Computer Networks},
	Number = {9},
	Pages = {1936 - 1954},
	Title = {Active tracking in mobile networks: An in-depth view},
	Url = {http://www.sciencedirect.com/science/article/pii/S1389128613000996},
	Volume = {57},
	Year = {2013}}

@misc{3GPP:45.811,
	Author = {3GPP},
	Date-Added = {2014-01-05 03:46:59 +0000},
	Date-Modified = {2014-01-05 04:03:04 +0000},
	Howpublished = {\url{http://www.3gpp.org/DynaReport/45811.htm}},
	Month = {July},
	Title = {{TS 45.811: Feasibility Study on Uplink TDOA in GSM and GPRS}},
	Year = {2007}}

@inproceedings{Dufkova:2008,
	Author = {Dufkov\'{a}, Kate\v{r}ina and Ficek, Michal and Kencl, Luk\'{a}\v{s} and Novak, Jakub and Kouba, Jan and Gregor, Ivan and Danihelka, Ji\v{r}\'{\i}},
	Booktitle = {Proc.\ ACM Intl.\ Wrkshp on Mobile Entity Localization and Tracking in GPS-less Environments},
	Date-Added = {2014-01-05 03:10:38 +0000},
	Date-Modified = {2014-01-05 03:11:00 +0000},
	Pages = {7--12},
	Title = {{Active GSM Cell-id Tracking: ``Where Did You Disappear?"}},
	Url = {http://doi.acm.org/10.1145/1410012.1410015},
	Year = {2008}}

@inproceedings{Varshavsky:2006,
	Author = {Varshavsky, A. and Chen, M.Y. and de Lara, E. and Froehlich, J. and Haehnel, D. and Hightower, J. and LaMarca, A. and Potter, F. and Sohn, T. and Tang, K. and Smith, I.},
	Booktitle = {Proc.\ Wrkshp Mobile Computing Systems and Applications},
	Date-Added = {2014-01-05 03:00:12 +0000},
	Date-Modified = {2014-01-05 03:00:19 +0000},
	Doi = {10.1109/WMCSA.2006.2},
	Issn = {1550-6193},
	Pages = {34-42},
	Title = {{Are GSM Phones THE Solution for Localization?}},
	Year = {2006}}

@inproceedings{Chen:2006,
	Author = {Chen, Mike Y. and Sohn, Timothy and Chmelev, Dmitri and Haehnel, Dirk and Hightower, Jeffrey and Hughes, Jeff and LaMarca, Anthony and Potter, Fred and Smith, Ian and Varshavsky, Alex},
	Booktitle = {Proc.\ UbiComp},
	Date-Added = {2014-01-05 02:36:16 +0000},
	Date-Modified = {2014-01-10 19:45:17 +0000},
	Pages = {225--242},
	Series = {LNCS},
	Title = {{Practical Metropolitan-Scale Positioning for GSM Phones}},
	Url = {http://dx.doi.org/10.1007/11853565_14},
	Volume = {4206},
	Year = {2006}}

@inproceedings{Trevisani:2004,
	Author = {Trevisani, Emiliano and Vitaletti, Andrea},
	Booktitle = {Proc.\ IEEE Wrkshp on Mobile Computing Systems and Applications},
	Date-Added = {2014-01-05 02:31:55 +0000},
	Date-Modified = {2014-01-05 02:32:14 +0000},
	Pages = {51--60},
	Title = {{Cell-ID Location Technique, Limits and Benefits: An Experimental Study}},
	Url = {http://dx.doi.org/10.1109/MCSA.2004.9},
	Year = {2004}}

@inproceedings{Bayir:2009,
	Author = {Bayir, M.A. and Demirbas, M. and Eagle, N.},
	Booktitle = {Proc.\ IEEE WoWMoM},
	Date-Added = {2014-01-04 21:07:43 +0000},
	Date-Modified = {2014-01-04 21:07:44 +0000},
	Doi = {10.1109/WOWMOM.2009.5282489},
	Pages = {1-9},
	Title = {Discovering spatiotemporal mobility profiles of cellphone users},
	Year = {2009}}

@inproceedings{Federrath:1996,
	Author = {Federrath, Hannes and Jerichow, Anja and Pfitzmann, Andreas},
	Booktitle = {Proc.\ Intl.\ Wrkshp on Information Hiding},
	Date-Added = {2014-01-03 18:01:40 +0000},
	Date-Modified = {2014-01-03 18:01:55 +0000},
	Isbn = {3-540-61996-8},
	Numpages = {15},
	Pages = {121--135},
	Title = {{MIXes in Mobile Communication Systems: Location Management with Privacy}},
	Url = {http://dl.acm.org/citation.cfm?id=647594.731527},
	Year = {1996}}

@inproceedings{Federrath:1995,
	Author = {Hannes Federrath and Anja Jerichow and Dogan Kesdogan and Andreas Pfitzmann},
	Booktitle = {Proc.\ IFIP/TC6 Personal Wireless Communications},
	Date-Added = {2014-01-03 17:42:27 +0000},
	Date-Modified = {2014-01-03 17:44:09 +0000},
	Month = {April},
	Pages = {105-116},
	Title = {{Security in Public Mobile Communication Networks}},
	Year = {1995}}

@misc{ETSI:2006,
	Author = {European Telecommunications Standards Institute (ETSI)},
	Date-Added = {2014-01-03 17:11:19 +0000},
	Date-Modified = {2014-01-03 17:15:16 +0000},
	Howpublished = {\url{http://www.3gpp.org/DynaReport/0209.htm}},
	Month = {June},
	Title = {Digital cellular telecommunications system (Phase 2+); Security aspects},
	Year = {2006}}

@article{Zhu:2004,
	Author = {Jianming Zhu and Jianfeng Ma},
	Date-Added = {2014-01-03 16:52:35 +0000},
	Date-Modified = {2014-01-03 16:52:43 +0000},
	Doi = {10.1109/TCE.2004.1277867},
	Issn = {0098-3063},
	Journal = {IEEE Trans.\ on Consumer Electronics},
	Number = {1},
	Pages = {231--235},
	Title = {A new authentication scheme with anonymity for wireless environments},
	Volume = {50},
	Year = {2004}}

@incollection{Yang:2005,
	Author = {Yang, Guomin and Wong, DuncanS. and Deng, Xiaotie},
	Booktitle = {Applied Cryptography and Network Security},
	Date-Added = {2014-01-03 16:50:56 +0000},
	Date-Modified = {2014-01-03 16:51:10 +0000},
	Doi = {10.1007/11496137_23},
	Pages = {334--349},
	Series = {LNCS},
	Title = {Efficient Anonymous Roaming and Its Security Analysis},
	Url = {http://dx.doi.org/10.1007/11496137_23},
	Volume = {3531},
	Year = {2005}}

@article{Jiang:2006,
	Author = {Yixin Jiang and Chuang Lin and Xuemin Shen and Minghui Shi},
	Date-Added = {2014-01-03 16:49:13 +0000},
	Date-Modified = {2014-01-03 16:49:27 +0000},
	Doi = {10.1109/TWC.2006.05063},
	Issn = {1536-1276},
	Journal = {IEEE Trans.\ on Wireless Communications},
	Number = {9},
	Pages = {2569-2577},
	Title = {{Mutual Authentication and Key Exchange Protocols for Roaming Services in Wireless Mobile Networks}},
	Volume = {5},
	Year = {2006}}

@inproceedings{Park:2001,
	Author = {Jaegwan Park and Jaeseung Go and Kwangjo Kim},
	Booktitle = {Proc.\ SCIS},
	Date-Added = {2014-01-03 16:46:29 +0000},
	Date-Modified = {2014-01-03 16:47:57 +0000},
	Pages = {159--164},
	Title = {Wireless authentication protocol preserving user anonymity},
	Year = {2001}}

@article{Fatemi:2010,
	Author = {Fatemi, M. and Salimi, S. and Salahi, A.},
	Date-Added = {2014-01-03 16:42:40 +0000},
	Date-Modified = {2014-01-03 16:42:41 +0000},
	Doi = {10.1049/iet-ifs.2009.0154},
	Issn = {1751-8709},
	Journal = {IET Information Security Journal},
	Number = {2},
	Pages = {93-103},
	Title = {Anonymous roaming in universal mobile telecommunication system mobile networks},
	Volume = {4},
	Year = {2010}}

@incollection{Reed:1998,
	Author = {Reed, Michael G. and Syverson, Paul F. and Goldschlag, David M.},
	Booktitle = {Security Protocols},
	Date-Added = {2014-01-02 21:29:16 +0000},
	Date-Modified = {2014-01-03 19:01:04 +0000},
	Pages = {13-23},
	Series = {LNCS},
	Title = {{Protocols using anonymous connections: Mobile applications}},
	Url = {http://dx.doi.org/10.1007/BFb0028156},
	Volume = {1361},
	Year = {1998}}

@inproceedings{Isaacman:2011,
	Author = {Isaacman, Sibren and Becker, Richard and C\'{a}ceres, Ram\'{o}n and Kobourov, Stephen and Martonosi, Margaret and Rowland, James and Varshavsky, Alexander},
	Booktitle = {Proc.\ Intl.\ Conf.\ on Pervasive Computing},
	Date-Added = {2014-01-02 19:30:50 +0000},
	Date-Modified = {2014-01-02 19:31:07 +0000},
	Pages = {133--151},
	Title = {{Identifying Important Places in People's Lives from Cellular Network Data}},
	Url = {http://dl.acm.org/citation.cfm?id=2021975.2021988},
	Year = {2011}}

@inproceedings{Dey:2014,
	Author = {Sanorita Dey and Nirupam Roy and Wenyuan Xu and Romit Roy Choudhury and Srihari Nelakuditi},
	Booktitle = {Proc.\ ISOC NDSS},
	Date-Added = {2014-01-02 19:21:15 +0000},
	Date-Modified = {2014-01-02 19:23:00 +0000},
	Month = feb,
	Title = {{AccelPrint: Imperfections of Accelerometers Make Smartphones Trackable}},
	Year = {2014}}

@inproceedings{Bindschaedler:2012,
	Author = {Laurent Bindschaedler and Jadliwala, Murtuza and Bilogrevic, Igor and Imad Aad and Hubaux, Jean-Pierre and Valtteri Niemi and Philip Ginzboorg},
	Booktitle = {Proc.\ ISOC NDSS},
	Date-Added = {2014-01-02 19:01:41 +0000},
	Date-Modified = {2014-03-10 02:50:40 +0000},
	Month = feb,
	Title = {{Track Me If You Can: On the Effectiveness of Context-based Identifier Changes in Deployed Mobile Networks}},
	Url = {http://infoscience.epfl.ch/record/169827/files/tmiyc_BindJadBAGNH_final.pdf},
	Year = {2012}}

@inproceedings{Kido:2005,
	Author = {Kido, H. and Yanagisawa, Y. and Satoh, T.},
	Booktitle = {Proc.\ Intl.\ Conf.\ on Pervasive Services},
	Date-Added = {2014-01-02 18:58:33 +0000},
	Date-Modified = {2014-01-02 18:58:40 +0000},
	Doi = {10.1109/PERSER.2005.1506394},
	Pages = {88-97},
	Title = {An anonymous communication technique using dummies for location-based services},
	Year = {2005}}

@inproceedings{Freudiger:2010,
	Author = {Freudiger, J. and Manshaei, H. and Le Boudec, J.-Y. and Hubaux, J-P},
	Booktitle = {Proc.\ IEEE INFOCOM},
	Date-Added = {2014-01-02 18:51:05 +0000},
	Date-Modified = {2014-01-02 18:51:05 +0000},
	Doi = {10.1109/INFCOM.2010.5461975},
	Issn = {0743-166X},
	Pages = {1-9},
	Title = {On the Age of Pseudonyms in Mobile Ad Hoc Networks},
	Year = {2010}}

@inproceedings{Freudiger:2009,
	Author = {Freudiger, Julien and Shokri, Reza and Hubaux, Jean-Pierre},
	Booktitle = {Proc.\ PETS},
	Date-Added = {2014-01-02 18:45:20 +0000},
	Date-Modified = {2014-01-02 18:45:48 +0000},
	Month = aug,
	Pages = {216--234},
	Title = {{On the Optimal Placement of Mix Zones}},
	Url = {http://dx.doi.org/10.1007/978-3-642-03168-7_13},
	Year = {2009}}

@incollection{Gorlach:2005,
	Author = {G{\"o}rlach, Andreas and Heinemann, Andreas and Terpstra, WesleyW.},
	Booktitle = {Privacy, Security and Trust within the Context of Pervasive Computing},
	Date-Added = {2014-01-02 18:43:12 +0000},
	Date-Modified = {2014-01-02 18:43:36 +0000},
	Pages = {23--34},
	Series = {The Intl.\ Series in Engineering and Computer Science},
	Title = {{Survey on Location Privacy in Pervasive Computing}},
	Url = {http://dx.doi.org/10.1007/0-387-23462-4_3},
	Volume = {780},
	Year = {2005}}

@article{Krumm:2009,
	Author = {Krumm, John},
	Date-Added = {2014-01-02 18:36:21 +0000},
	Date-Modified = {2014-01-02 18:36:34 +0000},
	Issn = {1617-4909},
	Issue_Date = {August 2009},
	Journal = {Personal Ubiquitous Comput.},
	Month = aug,
	Number = {6},
	Pages = {391--399},
	Title = {A Survey of Computational Location Privacy},
	Url = {http://dx.doi.org/10.1007/s00779-008-0212-5},
	Volume = {13},
	Year = {2009}}

@inproceedings{Krumm:2007,
	Author = {Krumm, John},
	Booktitle = {Proc.\ Intl.\ Conf.\ on Pervasive Computing},
	Date-Added = {2014-01-02 18:30:21 +0000},
	Date-Modified = {2014-01-02 18:30:34 +0000},
	Isbn = {978-3-540-72036-2},
	Month = may,
	Pages = {127--143},
	Title = {{Inference Attacks on Location Tracks}},
	Url = {http://dl.acm.org/citation.cfm?id=1758156.1758167},
	Year = {2007}}

@inproceedings{Zang:2011,
	Author = {Zang, Hui and Bolot, Jean},
	Booktitle = {Proc.\ ACM MobiCom},
	Date-Added = {2014-01-02 18:06:04 +0000},
	Date-Modified = {2014-01-02 18:06:20 +0000},
	Pages = {145--156},
	Title = {{Anonymization of Location Data Does Not Work: A Large-scale Measurement Study}},
	Url = {http://doi.acm.org/10.1145/2030613.2030630},
	Year = {2011}}

@inproceedings{Golle:2009,
	Author = {Golle, Philippe and Partridge, Kurt},
	Booktitle = {Proc.\ Intl.\ Conf.\ on Pervasive Computing},
	Date-Added = {2014-01-02 18:01:07 +0000},
	Date-Modified = {2014-01-02 18:01:08 +0000},
	Doi = {10.1007/978-3-642-01516-8_26},
	Isbn = {978-3-642-01515-1},
	Numpages = {8},
	Pages = {390--397},
	Title = {On the Anonymity of Home/Work Location Pairs},
	Url = {http://dx.doi.org/10.1007/978-3-642-01516-8_26},
	Year = {2009}}

@inproceedings{Mulder:2008,
	Author = {Mulder, Yoni De and Danezis, George and Batina, Lejla and Preneel, Bart},
	Booktitle = {Proc.\ ACM Wrkshp on Privacy in the Electronic Society},
	Date-Added = {2014-01-02 17:46:01 +0000},
	Date-Modified = {2014-03-08 19:55:25 +0000},
	Doi = {10.1145/1456403.1456409},
	Pages = {23--32},
	Title = {{Identification via Location-profiling in GSM Networks}},
	Url = {http://doi.acm.org/10.1145/1456403.1456409},
	Year = {2008}}

@inproceedings{Zan:2013,
	Author = {Zan, Bin and Sun, Zhanbo and Gruteser, Macro and Ban, Xuegang},
	Booktitle = {Proc.\ ACM Conf.\ on Data and Application Security and Privacy},
	Date-Added = {2014-01-02 17:16:03 +0000},
	Date-Modified = {2014-01-02 17:16:17 +0000},
	Pages = {293--300},
	Title = {Linking Anonymous Location Traces Through Driving Characteristics},
	Url = {http://doi.acm.org/10.1145/2435349.2435391},
	Year = {2013}}

@phdthesis{Ficek:2013,
	Address = {\url{https://dspace.cvut.cz/bitstream/handle/10467/18881/TEZE_Diserta%C4%8Dn%C3%AD%20pr%C3%A1ce_Ficek_Michal_2013.pdf}},
	Author = {Michal Ficek},
	Date-Added = {2014-01-02 16:44:58 +0000},
	Date-Modified = {2014-01-02 16:46:34 +0000},
	Month = {June},
	School = {Czech Technical University in Prague},
	Title = {{Tracking Users in Mobile Networks: Data Acquisition Methods and their Limits}},
	Year = {2013}}

@inproceedings{Beresford:2004,
	Author = {Beresford, A.R. and Stajano, F.},
	Booktitle = {Proc.\ Pervasive Computing and Communications Wrkshps},
	Date-Added = {2014-01-02 14:51:11 +0000},
	Date-Modified = {2014-03-10 02:50:03 +0000},
	Doi = {10.1109/PERCOMW.2004.1276918},
	Pages = {127-131},
	Title = {Mix zones: user privacy in location-aware services},
	Year = {2004}}

@inproceedings{Gorlatova:2011a,
	Author = {Gorlatova, M. and Aiello, R. and Mangold, S.},
	Booktitle = {Proc.\ MILCOM},
	Date-Added = {2014-01-02 14:44:35 +0000},
	Date-Modified = {2014-01-06 03:15:34 +0000},
	Doi = {10.1109/MILCOM.2011.6127464},
	Issn = {2155-7578},
	Month = nov,
	Pages = {1201-1206},
	Title = {Managing base station location privacy},
	Year = {2011}}

@inproceedings{Gorlatova:2011,
	Author = {Gorlatova, M. and Aiello, R. and Mangold, S.},
	Booktitle = {Proc.\ WiOpt Symposium},
	Date-Added = {2014-01-02 14:43:23 +0000},
	Date-Modified = {2014-01-02 14:43:23 +0000},
	Doi = {10.1109/WIOPT.2011.5930055},
	Month = may,
	Pages = {418-422},
	Title = {Managing location privacy in cellular networks with femtocell deployments},
	Year = {2011}}

@inproceedings{Smit:2012,
	Author = {Smit, L. and Stander, A. and Ophoff, J.},
	Booktitle = {Proc.\ CyberSec Conf.},
	Date-Added = {2014-01-02 14:36:47 +0000},
	Date-Modified = {2014-01-02 14:39:03 +0000},
	Doi = {10.1109/CyberSec.2012.6246171},
	Pages = {88-93},
	Title = {Investigating the accuracy of base station information for estimating cellphone location},
	Url = {http://ieeexplore.ieee.org/xpls/abs_all.jsp?arnumber=6246171&tag=1},
	Year = {2012}}

@inproceedings{Watzdorf:2010,
	Author = {von Watzdorf, Stephan and Michahelles, Florian},
	Booktitle = {Proc.\ Intl.\ Wrkshp on Location and the Web},
	Date-Added = {2014-01-02 06:19:12 +0000},
	Date-Modified = {2014-01-02 06:19:30 +0000},
	Pages = {2:1--2:4},
	Title = {{Accuracy of Positioning Data on Smartphones}},
	Year = {2010}}

@inproceedings{Yang:2010,
	Author = {Yang, Jie and Varshavsky, Alexander and Liu, Hongbo and Chen, Yingying and Gruteser, Marco},
	Booktitle = {Proc.\ ACM Intl.\ Conf.\ on Ubiquitous Computing},
	Date-Added = {2014-01-02 06:15:42 +0000},
	Date-Modified = {2014-01-02 06:15:57 +0000},
	Pages = {223--226},
	Title = {{Accuracy Characterization of Cell Tower Localization}},
	Url = {http://doi.acm.org/10.1145/1864349.1864384},
	Year = {2010}}

@inproceedings{Xu:2009,
	Author = {Xu, Toby and Cai, Ying},
	Booktitle = {Proc.\ ACM CCS},
	Date-Added = {2014-01-02 06:11:34 +0000},
	Date-Modified = {2014-01-02 06:11:51 +0000},
	Pages = {348--357},
	Title = {{Feeling-based Location Privacy Protection for Location-based Services}},
	Year = {2009}}

@inproceedings{Gruteser:2005,
	Author = {Gruteser, Marco and Hoh, Baik},
	Booktitle = {Proc.\ Second Intl.\ Conf.\ on Security in Pervasive Computing},
	Date-Added = {2014-01-02 05:53:31 +0000},
	Date-Modified = {2014-01-02 05:53:48 +0000},
	Pages = {179--192},
	Title = {On the Anonymity of Periodic Location Samples},
	Year = {2005}}

@inproceedings{Meyerowitz:2009,
	Author = {Meyerowitz, Joseph and Roy Choudhury, Romit},
	Booktitle = {Proc.\ Annual Intl.\ Conf.\ on Mobile Computing and Networking},
	Date-Added = {2014-01-02 05:27:15 +0000},
	Date-Modified = {2014-01-02 05:27:43 +0000},
	Pages = {345--356},
	Title = {{Hiding Stars with Fireworks: Location Privacy Through Camouflage}},
	Url = {http://doi.acm.org/10.1145/1614320.1614358},
	Year = {2009}}

@inproceedings{Ma:2010,
	Author = {Ma, Chris Y.T. and Yau, David K.Y. and Yip, Nung Kwan and Rao, Nageswara S.V.},
	Booktitle = {Proc.\ MobiCom},
	Date-Added = {2014-01-02 05:22:48 +0000},
	Date-Modified = {2014-01-02 05:22:48 +0000},
	Pages = {185--196},
	Title = {Privacy Vulnerability of Published Anonymous Mobility Traces},
	Url = {http://doi.acm.org/10.1145/1859995.1860017},
	Year = {2010}}

@article{Beresford:2003,
	Author = {Beresford, A.R. and Stajano, F.},
	Date-Added = {2014-01-02 05:17:14 +0000},
	Date-Modified = {2014-01-02 05:17:29 +0000},
	Doi = {10.1109/MPRV.2003.1186725},
	Issn = {1536-1268},
	Journal = {IEEE Pervasive Computing},
	Number = {1},
	Pages = {46--55},
	Title = {Location privacy in pervasive computing},
	Volume = {2},
	Year = {2003}}

@inproceedings{Shokri:2011,
	Author = {Shokri, Reza and Theodorakopoulos, George and Danezis, George and Hubaux, Jean-Pierre and Boudec, Jean-Yves},
	Booktitle = {Proc.\ PETS},
	Date-Added = {2014-01-02 04:40:57 +0000},
	Date-Modified = {2014-01-02 04:41:27 +0000},
	Month = aug,
	Pages = {57--76},
	Title = {{Quantifying Location Privacy: The Case of Sporadic Location Exposure}},
	Year = {2011}}

@inproceedings{Narayanan:2011,
	Author = {A. Narayanan and N. Thiagarajan and M. Lakhani and M. Hamburg and D. Boneh},
	Booktitle = {Proc.\ ISOC NDSS},
	Date-Added = {2014-01-02 04:23:04 +0000},
	Date-Modified = {2014-01-02 04:23:37 +0000},
	Month = feb,
	Title = {Location privacy via private proximity testing},
	Year = {2011}}

@inproceedings{Lin:2012,
	Author = {Lin, Zi and Foo Kune, Denis and Hopper, Nicholas},
	Booktitle = {Proc.\ Financial Cryptography and Data Security Conference},
	Date-Added = {2014-01-02 04:10:28 +0000},
	Date-Modified = {2014-01-02 04:11:31 +0000},
	Pages = {73--88},
	Series = {LNCS},
	Title = {Efficient Private Proximity Testing with GSM Location Sketches},
	Volume = {7397},
	Year = {2012}}

@article{Ray:2002,
	Author = {Ray, Indrajit and Ray, Indrakshi},
	Date-Added = {2014-01-02 03:22:06 +0000},
	Date-Modified = {2014-01-02 03:22:07 +0000},
	Doi = {10.1145/844340.844345},
	Issn = {1551-9031},
	Issue_Date = {Spring, 2002},
	Journal = {SIGecom Exch.},
	Month = mar,
	Number = {2},
	Numpages = {9},
	Pages = {9--17},
	Title = {Fair Exchange in E-commerce},
	Url = {http://doi.acm.org/10.1145/844340.844345},
	Volume = {3},
	Year = {2002}}

@misc{Wikipedia:mvno,
	Author = {Wikipedia},
	Date-Added = {2013-12-31 05:00:11 +0000},
	Date-Modified = {2013-12-31 05:02:06 +0000},
	Howpublished = {Last checked 2013-12-31. \url{http://en.wikipedia.org/wiki/List_of_United_States_mobile_virtual_network_operators}},
	Title = {List of US Mobile MVNOs}}

@incollection{Kesdogan:1996,
	Author = {Kesdogan, Dogan and Federrath, Hannes and Jerichow, Anja and Pfitzmann, Andreas},
	Booktitle = {{Information Systems Security}},
	Date-Added = {2013-12-30 03:29:17 +0000},
	Date-Modified = {2014-01-03 19:00:36 +0000},
	Pages = {39--48},
	Title = {{Location Management Strategies Increasing Privacy in Mobile Communication}},
	Url = {http://dl.acm.org/citation.cfm?id=265514.265519},
	Year = {1996}}

@misc{Nakamoto:2009,
	Author = {Nakamoto, Satoshi},
	Date-Added = {2013-12-30 02:08:25 +0000},
	Date-Modified = {2013-12-30 02:10:02 +0000},
	Howpublished = {\url{http://www.bitcoin.org/ bitcoin.pdf}},
	Title = {{Bitcoin: A Peer-to-Peer Electronic Cash System}},
	Year = 2009}

@inproceedings{Miers:2013,
	Author = {Miers, Ian and Garman, Christina and Green, Matthew and Rubin, Aviel D.},
	Booktitle = {Proc.\ IEEE Symposium on Security and Privacy},
	Date-Added = {2013-12-30 02:06:50 +0000},
	Date-Modified = {2013-12-30 02:07:04 +0000},
	Pages = {397--411},
	Title = {{Zerocoin: Anonymous Distributed E-Cash from Bitcoin}},
	Url = {http://dx.doi.org/10.1109/SP.2013.34},
	Year = {2013}}

@inproceedings{Meiklejohn:2013,
	Author = {Meiklejohn, Sarah and Pomarole, Marjori and Jordan, Grant and Levchenko, Kirill and McCoy, Damon and Voelker, Geoffrey M. and Savage, Stefan},
	Booktitle = {Proc.\ Conf.\ on Internet Measurement Conference},
	Date-Added = {2013-12-30 02:05:20 +0000},
	Date-Modified = {2013-12-30 02:05:40 +0000},
	Pages = {127--140},
	Title = {A Fistful of Bitcoins: Characterizing Payments Among Men with No Names},
	Url = {http://doi.acm.org/10.1145/2504730.2504747},
	Year = {2013}}

@inproceedings{Danezis:2004,
	Author = {George Danezis},
	Booktitle = {Proc.\ PETS},
	Date-Added = {2013-12-28 18:31:06 +0000},
	Date-Modified = {2013-12-28 18:31:08 +0000},
	Month = {Aug},
	Pages = {35--50},
	Title = {The Traffic Analysis of Continuous-Time Mixes},
	Year = {2004}}

@inproceedings{Soroush:2011a,
	Author = {Hamed Soroush and Peter Gilbert and Nilanjan Banerjee and Brian Neil Levine and Mark Corner and Landon Cox},
	Booktitle = {Proc.\ ACM CoNEXT},
	Date-Added = {2013-12-27 05:54:05 +0000},
	Date-Modified = {2013-12-27 05:54:26 +0000},
	Month = {December},
	Title = {{Concurrent Wi-Fi for Mobile Users: Analysis and Measurements}},
	Url = {http://forensics.umass.edu/pubs/soroush.conext.2011.pdf},
	Year = {2011},
	Bdsk-Url-1 = {http://forensics.umass.edu/pubs/soroush.conext.2011.pdf}}

@article{Liberatore:2011,
	Author = {Marc Liberatore and Bikas Gurung and Brian Neil Levine and Matthew Wright},
	Date-Added = {2013-12-27 05:53:01 +0000},
	Date-Modified = {2013-12-27 05:53:03 +0000},
	Journal = {Elsevier Journal of Network and Computer Applications},
	Month = {January},
	Number = 1,
	Pages = {341-350},
	Title = {{Empirical Tests of Anonymous Voice Over IP}},
	Url = {http://forensics.umass.edu/pubs/liberatore.JCNA.2010.pdf},
	Volume = 34,
	Year = {2011},
	Bdsk-Url-1 = {http://forensics.umass.edu/pubs/liberatore.JCNA.2010.pdf}}

@misc{3GPP-TS-23.060,
	Author = {{3GPP TS 23.060 version 11.7.0}},
	Date-Added = {2013-12-27 03:57:43 +0000},
	Date-Modified = {2013-12-27 04:01:33 +0000},
	Howpublished = {\url{http://www.etsi.org/deliver/etsi_ts/123000_123099/123060/11.07.00_60/ts_123060v110700p.pdf}},
	Title = {{Universal Mobile Telecommunications System (UMTS); General Packet Radio Service (GPRS); Service description}}}

@misc{3GPP-TS-04.08,
	Author = {{3GPP TS 04.08 version 7.21.0}},
	Date-Added = {2013-12-27 02:55:57 +0000},
	Date-Modified = {2013-12-27 02:58:50 +0000},
	Howpublished = {\url{http://www.etsi.org/deliver/etsi_ts/100900_100999/100940/07.21.00_60/ts_100940v072100p.pdf} Default time values on page 574.},
	Title = {{Mobile radio interface layer 3 specification}}}

@inproceedings{Foo:2012,
	Author = {D. Foo Kune and J. Koelndorfer and N. Hopper and Y. Kim},
	Booktitle = {Proc.\ ISOC NDSS},
	Date-Modified = {2014-03-03 21:21:00 +0000},
	Month = feb,
	Title = {{Location leaks on the GSM Air Interface}},
	Year = {2012}}

@inproceedings{Soroush:2013,
	Author = {Hamed Soroush and Keen Sung and Erik Learned-Miller and Brian Neil Levine and Marc Liberatore},
	Booktitle = {Proc.\ PETS},
	Date-Added = {2013-03-30 13:00:26 +0000},
	Date-Modified = {2013-05-03 12:23:00 +0000},
	Month = {July},
	Pages = {103--122},
	Title = {{Disabling GPS is Not Enough: Cellular location leaks over the Internet}},
	Url = {http://forensics.umass.edu/pubs/soroush.pets.2013.pdf},
	Year = {2013}}

@inproceedings{BanerjeeMobicom08,
	Author = {Banerjee, Nilanjan and Corner, Mark D. and Towsley, Don and Levine, Brian Neil},
	Booktitle = {Proc.\ ACM MobiCom},
	Date-Added = {2008-06-19 17:54:40 -0400},
	Date-Modified = {2011-02-13 22:39:49 -0500},
	Month = {September},
	Pages = {81--91},
	Title = {{Relays, Base Stations, and Meshes: Enhancing Mobile Networks with Infrastructure}},
	Year = {2008}}


@misc{Gillum:2015,
	Author = { Jack Gillum and Eileen Sullivan and Eric Tucker},
	Date-Added = {2015-06-07 20:26:01 +0000},
	Date-Modified = {2015-06-07 20:30:23 +0000},
	Howpublished = {US News \& World Reports, \url{http://www.usnews.com/news/politics/articles/2015/06/02/fbi-behind-mysterious-surveillance-aircraft-over-us-cities}},
	Month = {June 2},
	Title = {{FBI behind mysterious fleet of aircraft conducting surveillance over US cities}},
	Year = {2015}}

@inproceedings{Dabrowski:2014,
	Author = {Adrian Dabrowski and Nicola Pianta and Thomas Klepp and Martin Mulazzani and Edgar Weippl},
	Booktitle = {Proc.\ ACM ACSAC},
	Date-Added = {2015-06-07 20:24:24 +0000},
	Date-Modified = {2015-06-07 20:24:24 +0000},
	Title = {{IMSI-Catch Me If You Can: IMSI-Catcher-Catchers}},
	Year = {2014}}

@inproceedings{Douceur:2002,
	Author = {J. Douceur},
	Booktitle = {Proc.\ Intl Wkshp on Peer-to-Peer Systems (IPTPS)},
	Date-Added = {2015-06-06 19:32:59 +0000},
	Date-Modified = {2015-06-06 19:33:00 +0000},
	Month = mar,
	Pages = {251--260},
	Title = {{The {Sybil} Attack}},
	Year = {2002}}

@inproceedings{Bissias:2014,
	Author = {Bissias, George and Ozisik, A Pinar and Levine, Brian N and Liberatore, Marc},
	Booktitle = {Proceedings of the 13th Workshop on Privacy in the Electronic Society},
	Date-Added = {2015-06-06 16:13:09 +0000},
	Date-Modified = {2015-06-06 16:13:19 +0000},
	Pages = {149--158},
	Title = {{Sybil-Resistant Mixing for Bitcoin}},
	Year = {2014}}

@inproceedings{Miers:2013,
	Author = {Miers, Ian and Garman, Christina and Green, Matthew and Rubin, Aviel},
	Booktitle = {Proc.\ IEEE Symp.\ Security \& Privacy},
	Date-Added = {2015-06-06 16:12:11 +0000},
	Date-Modified = {2015-06-06 16:12:20 +0000},
	Doi = {10.1109/SP.2013.34},
	Month = {May},
	Pages = {397--411},
	Title = {{Zerocoin: Anonymous Distributed E-Cash from Bitcoin}},
	Year = {2013},
	Bdsk-Url-1 = {http://dx.doi.org/10.1109/SP.2013.34}}

@inproceedings{Ben-Sasson:2014,
	Author = {Eli Ben-Sasson and Alessandro Chiesa and Christina Garman and Matthew Green and Ian Miers and Eran Tromer and Madars Virza},
	Booktitle = {Proc.\ IEEE Symp.\ Security \& Privacy},
	Date-Added = {2015-06-06 16:12:11 +0000},
	Date-Modified = {2015-06-06 16:12:13 +0000},
	Month = {May},
	Pages = {459--474},
	Title = {{Zerocash: Decentralized Anonymous Payments from Bitcoin}},
	Year = {2014}}

@article{Pell:2014,
	Author = {Pell, Stephanie K. and Soghoian, Christopher},
	Date-Added = {2015-05-27 17:35:14 +0000},
	Date-Modified = {2015-05-27 17:35:14 +0000},
	Journal = {Harvard Journal of Law and Technology},
	Month = {December 29,},
	Number = {1},
	Title = {{Your Secret Stingray's No Secret Anymore: The Vanishing Government Monopoly over Cell Phone Surveillance and Its Impact on National Security and Consumer Privacy}},
	Url = {http://ssrn.com/abstract=2437678},
	Volume = {28},
	Year = {2014}}

@misc{Engel:2014,
	Author = {Tobias Engel},
	Date-Added = {2015-05-27 17:34:49 +0000},
	Date-Modified = {2015-05-27 17:34:49 +0000},
	Howpublished = {31th Chaos Communication Congress of the Chaos Computer Club; see \url{https://www.youtube.com/watch?v=lQ0I5tl0YLY}},
	Month = {December},
	Title = {{SS7: Locate. Track. Manipulate}},
	Year = {2014}}

@book{Kerr:2012,
	Author = {Orin S.\ Kerr},
	Date-Added = {2015-05-27 17:34:16 +0000},
	Date-Modified = {2015-05-27 17:34:16 +0000},
	Edition = {3rd},
	Month = {December},
	Publisher = {West (Thomson Reuters)},
	Title = {Computer Crime Law},
	Year = 2012}

@misc{ITU-D:2014,
	Author = {{United Nations Telecommunication Development Sector (ITU-D)}},
	Date-Added = {2015-05-27 17:33:41 +0000},
	Date-Modified = {2015-05-27 17:33:41 +0000},
	Howpublished = {\url{http://www.itu.int/en/ITU-D/Statistics/Documents/statistics/2014/ITU_Key_2005-2014_ICT_data.xls}},
	Title = {{2005-2014 ICT data for the world, by geographic regions and by level of development}},
	Year = {2014}}

@misc{ITU-D:2013,
	Author = {{United Nations Telecommunication Development Sector (ITU-D)}},
	Date-Added = {2015-05-27 17:33:41 +0000},
	Date-Modified = {2015-05-27 17:33:41 +0000},
	Howpublished = {\url{http://www.itu.int/en/ITU-D/Statistics/Documents/statistics/2014/Mobile_cellular_2000-2013.xls}},
	Title = {Mobile-cellular subscriptions time series by country},
	Year = {2013}}

@inproceedings{Sung:2014,
	Author = {Keen Sung and Brian Neil Levine and Marc Liberatore},
	Booktitle = {Proc. IEEE Workshop on Mobile System Technologies (MoST)},
	Date-Added = {2015-05-27 17:08:22 +0000},
	Date-Modified = {2015-05-27 17:08:22 +0000},
	Keywords = {Privacy; Cellular; Remote Inference; security},
	Month = {May},
	Slides_Url = {http://forensics.umass.edu/pubs/Sung-MoST-2014.slides.pdf},
	Sponsors = {CNS-0905349},
	Title = {{Location Privacy without Carrier Cooperation}},
	Url = {http://forensics.umass.edu/pubs/Sung-MoST-2014.pdf},
	Year = {2014}}

@misc{Wortham:2010,
	Author = {Jenna Wortham},
	Date-Added = {2014-03-11 04:13:05 +0000},
	Date-Modified = {2014-03-11 04:14:20 +0000},
	Howpublished = {\url{http://www.nytimes.com/2010/05/14/technology/personaltech/14talk.html}},
	Month = {May 13},
	Title = {{Cellphones Now Used More for Data Than for Calls}},
	Year = {2010}}

@misc{Scahill:2014,
	Author = {Jeremy Scahill and Glenn Greenwald},
	Date-Added = {2014-03-11 02:36:40 +0000},
	Date-Modified = {2014-03-11 02:37:30 +0000},
	Howpublished = {\url{https://firstlook.org/theintercept/article/2014/02/10/the-nsas-secret-role/}},
	Month = {10 Feb},
	Title = {{The NSA's Secret Role in the U.S. Assassination Program}},
	Year = {2014}}

@book{Kerr:2009,
	Author = {Orin S.\ Kerr},
	Date-Added = {2014-03-10 17:41:05 +0000},
	Date-Modified = {2014-03-10 17:41:06 +0000},
	Edition = {2nd},
	Month = {October},
	Publisher = {West (Thomson Reuters)},
	Title = {Computer Crime Law},
	Year = 2009}

@article{Wong:2000,
	Author = {Wong, V. W.-S. and Leung, V. C.M.},
	Date-Added = {2014-03-10 01:15:10 +0000},
	Date-Modified = {2014-03-10 01:15:43 +0000},
	Journal = {IEEE Network},
	Month = sep,
	Number = {5},
	Pages = {18--24},
	Title = {{Location Management for Next-generation Personal Communications Networks}},
	Volume = {14},
	Year = {2000}}

@inproceedings{Wang:2011,
	Author = {Wang, Zhaoguang and Qian, Zhiyun and Xu, Qiang and Mao, Zhuoqing and Zhang, Ming},
	Booktitle = {Proc.\ ACM SIGCOMM},
	Date-Added = {2014-03-08 15:46:17 +0000},
	Date-Modified = {2014-03-08 15:46:45 +0000},
	Pages = {374--385},
	Title = {{An Untold Story of Middleboxes in Cellular Networks}},
	Year = {2011}}

@incollection{Krzywinski:2003,
	Author = {Krzywinski, M.},
	Booktitle = {SysAdmin Magazine},
	Date-Added = {2014-03-08 13:43:21 +0000},
	Date-Modified = {2014-03-08 13:44:05 +0000},
	Pages = {12--17},
	Title = {{Port Knocking: Network Authentication Across Closed Ports}},
	Volume = {12},
	Year = {2003}}

@article{deGraaf:2005,
	Author = {Rennie deGraaf and John Aycock and Michael Jr. Jacobson},
	Date-Added = {2014-03-08 13:41:15 +0000},
	Date-Modified = {2014-03-08 13:41:40 +0000},
	Journal = {Proc.\ Annual Computer Security Applications Conf.},
	Pages = {451--462},
	Title = {{Improved Port Knocking with Strong Authentication}},
	Year = {2005}}

@incollection{Bellare:1996,
	Author = {Bellare, Mihir and Canetti, Ran and Krawczyk, Hugo},
	Booktitle = {Proc.\ Advances in Cryptology},
	Date-Added = {2014-03-08 13:31:08 +0000},
	Date-Modified = {2014-03-08 13:31:36 +0000},
	Pages = {1--15},
	Series = {LNCS},
	Title = {{Keying Hash Functions for Message Authentication}},
	Volume = {1109},
	Year = {1996}}

@book{Razavi:2011,
	Address = {Link{\"o}ping},
	Author = {Sara Modarres Razavi},
	Date-Added = {2014-03-06 17:32:13 +0000},
	Date-Modified = {2014-03-06 17:32:29 +0000},
	Isbn = {978-91-7393-214-1},
	Title = {Tracking Area Planning in Cellular Networks [Elektronisk resurs] : Optimization and Performance Evaluation},
	Year = {2011}}

@article{Eagle:2006,
	Author = {N. Eagle and A. Pentland},
	Date-Added = {2014-03-06 17:19:50 +0000},
	Date-Modified = {2014-03-06 17:19:51 +0000},
	Journal = {Personal and Ubiquitous Computing},
	Number = {4},
	Pages = {255-268},
	Title = {{Reality Mining: Sensing Complex Social Systems}},
	Volume = {10},
	Year = {2006}}

@article{Pagnia:2003,
	Author = {H. Pagnia and H. Vogt and F. C. Gaertner},
	Date-Added = {2014-02-23 15:56:40 +0000},
	Date-Modified = {2014-02-23 15:56:40 +0000},
	Journal = {The Computer Journal},
	Number = {1},
	Pages = {55--78},
	Title = {{Fair Exchange}},
	Volume = {46},
	Year = {2003}}

@techreport{Zhang:2004a,
	Author = {X. Zhang and H. Schulzrinne},
	Date-Added = {2014-02-16 15:40:16 +0000},
	Date-Modified = {2014-02-16 15:40:16 +0000},
	Institution = {Columbia University},
	Number = {CUCS-033-04},
	Title = {Voice over TCP and UDP},
	Year = {2004}}

@inproceedings{Polak:2011a,
	Author = {A. Polak and D. Goeckel},
	Booktitle = {Proc.\ Asilomar Conf.\ on Signals, Systems, and Computers},
	Date-Added = {2014-02-16 15:39:46 +0000},
	Date-Modified = {2014-02-16 15:39:46 +0000},
	Month = {May},
	Title = {{RF Fingerprinting of Users who Actively Mask Their Identities with Artificial Distortion}},
	Year = {2011}}

@article{Polak:2011,
	Author = {A. Polak and S. Dolathshahi and D. Goeckel},
	Date-Added = {2014-02-16 15:39:46 +0000},
	Date-Modified = {2014-02-16 15:39:46 +0000},
	Journal = {IEEE JSAC: Special Issue on Advances in Digital Forensics for Communications and Networking},
	Month = {August},
	Number = {7},
	Pages = {1469--1479},
	Title = {{Identifying Wireless Users via Transmitter Imperfections}},
	Volume = {29},
	Year = {2011}}

@inproceedings{Meyer:2004,
	Author = {Meyer, Ulrike and Wetzel, Susanne},
	Booktitle = {Proc.\ ACM Wrkshp on Wireless Security},
	Date-Added = {2014-02-16 15:39:34 +0000},
	Date-Modified = {2014-02-16 15:39:34 +0000},
	Doi = {10.1145/1023646.1023662},
	Isbn = {1-58113-925-X},
	Pages = {90--97},
	Title = {{A Man-in-the-middle Attack on UMTS}},
	Url = {http://doi.acm.org/10.1145/1023646.1023662},
	Year = {2004},
	Bdsk-Url-1 = {http://doi.acm.org/10.1145/1023646.1023662},
	Bdsk-Url-2 = {http://dx.doi.org/10.1145/1023646.1023662}}

@misc{Security-Research-Labs:2013,
	Author = {{Security Research Labs}},
	Date-Added = {2014-01-10 02:28:25 +0000},
	Date-Modified = {2014-01-10 02:29:32 +0000},
	Howpublished = {\url{http://gsmmap.org/assets/pdfs/gsmmap.org-country_report-United_States_of_America-2013-08.pdf}},
	Month = {August},
	Title = {GSM Map Project: ￼GSM security country report (USA)},
	Year = {2013}}

@misc{Timberg:2013,
	Author = {Craig Timberg and Ashkan Soltani},
	Date-Added = {2014-01-10 02:27:05 +0000},
	Date-Modified = {2014-01-10 02:27:38 +0000},
	Howpublished = {\url{http://www.washingtonpost.com/business/technology/by-cracking-cellphone-code-nsa-has-capacity-for-decoding-private-conversations/2013/12/13/e119b598-612f-11e3-bf45-61f69f54fc5f_story.html}},
	Month = {December 13},
	Title = {{By cracking cellphone code, NSA has capacity for decoding private conversations}},
	Year = {2013}}

@misc{Mobile-Europe:2013,
	Author = {{Mobile Europe}},
	Date-Added = {2014-01-10 02:06:37 +0000},
	Date-Modified = {2014-01-10 02:07:24 +0000},
	Howpublished = {\url{http://www.mobileeurope.co.uk/Press-Wire/deutsche-telekom-upgrades-mobile-network-security-with-a5-3-encryption-standard}},
	Month = {December},
	Title = {Deutsche Telekom upgrades mobile network security with A5/3 encryption standard},
	Year = {2013}}

@misc{AST:spider,
	Author = {{Advanced Surveillance Technology, Inc.}},
	Date-Added = {2014-01-10 02:02:53 +0000},
	Date-Modified = {2014-01-10 19:43:40 +0000},
	Howpublished = {\url{media.wix.com/ugd/70bfc5_619d9e6fc11df018f9af893328e798dd.pdf}},
	Title = {Wide-Area (Spider-Web) Passive Interception System}}

@phdthesis{cite-key,
	Date-Added = {2014-01-10 02:02:52 +0000},
	Date-Modified = {2014-01-10 02:02:52 +0000}}

@article{Schneier:2006,
	Author = {Schneier, Bruce},
	Date-Added = {2014-01-08 16:25:01 +0000},
	Date-Modified = {2014-01-08 16:26:28 +0000},
	Journal = {Wired},
	Month = {May},
	Title = {The Eternal Value of Privacy},
	Year = {2006}}

@inproceedings{Toorani:2008,
	Author = {Toorani, M. and Beheshti, A.},
	Booktitle = {Proc.\ Conf.\ Next Generation Mobile Applications, Services and Technologies},
	Date-Added = {2014-01-06 04:56:06 +0000},
	Date-Modified = {2014-01-06 04:56:14 +0000},
	Doi = {10.1109/NGMAST.2008.88},
	Pages = {576-581},
	Title = {{Solutions to the GSM Security Weaknesses}},
	Year = {2008}}

@inproceedings{Biryukov:2001,
	Author = {Biryukov, Alex and Shamir, Adi and Wagner, David},
	Booktitle = {Proc.\ Intl.\ Wrkshp on Fast Software Encryption},
	Date-Added = {2014-01-06 04:20:36 +0000},
	Date-Modified = {2014-01-06 04:21:21 +0000},
	Isbn = {3-540-41728-1},
	Numpages = {18},
	Pages = {1--18},
	Title = {{Real Time Cryptanalysis of A5/1 on a PC}},
	Url = {http://dl.acm.org/citation.cfm?id=647935.741059},
	Year = {2001}}

@article{Barkan:2008,
	Author = {Barkan, Elad and Biham, Eli and Keller, Nathan},
	Date-Added = {2014-01-06 04:16:41 +0000},
	Date-Modified = {2014-01-06 04:16:49 +0000},
	Doi = {10.1007/s00145-007-9001-y},
	Issn = {0933-2790},
	Issue_Date = {March 2008},
	Journal = {Journal of Cryptology},
	Month = mar,
	Number = {3},
	Numpages = {38},
	Pages = {392--429},
	Title = {{Instant Ciphertext-Only Cryptanalysis of GSM Encrypted Communication}},
	Url = {http://dx.doi.org/10.1007/s00145-007-9001-y},
	Volume = {21},
	Year = {2008}}

@inproceedings{Rao:2002,
	Author = {Rao, J.R. and Rohatgi, P. and Scherzer, H. and Tinguely, S.},
	Booktitle = {IEEE Symp.\ Security and Privacy},
	Date-Added = {2014-01-06 04:08:37 +0000},
	Date-Modified = {2014-01-06 04:08:38 +0000},
	Doi = {10.1109/SECPRI.2002.1004360},
	Issn = {1081-6011},
	Pages = {31-41},
	Title = {{Partitioning attacks: or how to rapidly clone some GSM cards}},
	Year = {2002}}

@inproceedings{Nowlan:2012,
	Author = {Nowlan, Michael F. and Tiwari, Nabin and Iyengar, Janardhan and Aminy, Syed Obaid and Fordy, Bryan},
	Booktitle = {Proc.\ USENIX NSDI},
	Date-Added = {2014-01-06 03:13:57 +0000},
	Date-Modified = {2014-01-06 03:14:13 +0000},
	Pages = {28--28},
	Title = {Fitting Square Pegs Through Round Pipes: Unordered Delivery Wire-compatible with TCP and TLS},
	Url = {http://dl.acm.org/citation.cfm?id=2228298.2228337},
	Year = {2012}}

@inproceedings{Brosh:2008,
	Author = {Brosh, Eli and Baset, Salman Abdul and Rubenstein, Dan and Schulzrinne, Henning},
	Booktitle = {Proc.\ ACM SIGMETRICS},
	Date-Added = {2014-01-06 03:12:12 +0000},
	Date-Modified = {2014-01-06 03:12:30 +0000},
	Doi = {10.1145/1375457.1375464},
	Pages = {49--60},
	Title = {The Delay-friendliness of TCP},
	Url = {http://doi.acm.org/10.1145/1375457.1375464},
	Year = {2008}}

@article{Brosh:2010,
	Author = {Brosh, E. and Baset, S.A. and Misra, V. and Rubenstein, D. and Schulzrinne, Henning},
	Date-Added = {2014-01-06 03:10:06 +0000},
	Date-Modified = {2014-01-06 03:10:17 +0000},
	Doi = {10.1109/TNET.2010.2050780},
	Issn = {1063-6692},
	Journal = {IEEE/ACM Trans.\ on Networking},
	Number = {5},
	Pages = {1478-1491},
	Title = {{The Delay-Friendliness of TCP for Real-Time Traffic}},
	Volume = {18},
	Year = {2010}}

@misc{GSMmap:2013,
	Author = {{GSM Map Project, Security Research Labs}},
	Date-Added = {2014-01-06 02:52:11 +0000},
	Date-Modified = {2014-01-06 02:58:47 +0000},
	Howpublished = {\url{http://gsmmap.org/assets/pdfs/gsmmap.org-country_report-United_States_of_America-2013-08.pdf}},
	Month = {August},
	Title = {{GSM security country report: US}},
	Year = {2013}}

@book{Smith:2007,
	Author = {Clint Smith and Daniel Collins},
	Date-Added = {2014-01-05 13:12:12 +0000},
	Date-Modified = {2014-01-05 13:13:20 +0000},
	Edition = {2nd},
	Title = {3G Wireless Networks},
	Year = {2007}}

@article{Ficek:2013a,
	Author = {Michal Ficek and Tom{\'a}{\v s} Pop and Luk{\'a}{\v s} Kencl},
	Date-Added = {2014-01-05 03:58:18 +0000},
	Date-Modified = {2014-01-05 03:58:19 +0000},
	Doi = {http://dx.doi.org/10.1016/j.comnet.2013.03.013},
	Issn = {1389-1286},
	Journal = {Computer Networks},
	Number = {9},
	Pages = {1936 - 1954},
	Title = {Active tracking in mobile networks: An in-depth view},
	Url = {http://www.sciencedirect.com/science/article/pii/S1389128613000996},
	Volume = {57},
	Year = {2013}}

@misc{3GPP:45.811,
	Author = {3GPP},
	Date-Added = {2014-01-05 03:46:59 +0000},
	Date-Modified = {2014-01-05 04:03:04 +0000},
	Howpublished = {\url{http://www.3gpp.org/DynaReport/45811.htm}},
	Month = {July},
	Title = {{TS 45.811: Feasibility Study on Uplink TDOA in GSM and GPRS}},
	Year = {2007}}

@inproceedings{Dufkova:2008,
	Author = {Dufkov\'{a}, Kate\v{r}ina and Ficek, Michal and Kencl, Luk\'{a}\v{s} and Novak, Jakub and Kouba, Jan and Gregor, Ivan and Danihelka, Ji\v{r}\'{\i}},
	Booktitle = {Proc.\ ACM Intl.\ Wrkshp on Mobile Entity Localization and Tracking in GPS-less Environments},
	Date-Added = {2014-01-05 03:10:38 +0000},
	Date-Modified = {2014-01-05 03:11:00 +0000},
	Pages = {7--12},
	Title = {{Active GSM Cell-id Tracking: ``Where Did You Disappear?"}},
	Url = {http://doi.acm.org/10.1145/1410012.1410015},
	Year = {2008}}

@inproceedings{Varshavsky:2006,
	Author = {Varshavsky, A. and Chen, M.Y. and de Lara, E. and Froehlich, J. and Haehnel, D. and Hightower, J. and LaMarca, A. and Potter, F. and Sohn, T. and Tang, K. and Smith, I.},
	Booktitle = {Proc.\ Wrkshp Mobile Computing Systems and Applications},
	Date-Added = {2014-01-05 03:00:12 +0000},
	Date-Modified = {2014-01-05 03:00:19 +0000},
	Doi = {10.1109/WMCSA.2006.2},
	Issn = {1550-6193},
	Pages = {34-42},
	Title = {{Are GSM Phones THE Solution for Localization?}},
	Year = {2006}}

@inproceedings{Chen:2006,
	Author = {Chen, Mike Y. and Sohn, Timothy and Chmelev, Dmitri and Haehnel, Dirk and Hightower, Jeffrey and Hughes, Jeff and LaMarca, Anthony and Potter, Fred and Smith, Ian and Varshavsky, Alex},
	Booktitle = {Proc.\ UbiComp},
	Date-Added = {2014-01-05 02:36:16 +0000},
	Date-Modified = {2014-01-10 19:45:17 +0000},
	Pages = {225--242},
	Series = {LNCS},
	Title = {{Practical Metropolitan-Scale Positioning for GSM Phones}},
	Url = {http://dx.doi.org/10.1007/11853565_14},
	Volume = {4206},
	Year = {2006}}

@inproceedings{Trevisani:2004,
	Author = {Trevisani, Emiliano and Vitaletti, Andrea},
	Booktitle = {Proc.\ IEEE Wrkshp on Mobile Computing Systems and Applications},
	Date-Added = {2014-01-05 02:31:55 +0000},
	Date-Modified = {2014-01-05 02:32:14 +0000},
	Pages = {51--60},
	Title = {{Cell-ID Location Technique, Limits and Benefits: An Experimental Study}},
	Url = {http://dx.doi.org/10.1109/MCSA.2004.9},
	Year = {2004}}

@inproceedings{Bayir:2009,
	Author = {Bayir, M.A. and Demirbas, M. and Eagle, N.},
	Booktitle = {Proc.\ IEEE WoWMoM},
	Date-Added = {2014-01-04 21:07:43 +0000},
	Date-Modified = {2014-01-04 21:07:44 +0000},
	Doi = {10.1109/WOWMOM.2009.5282489},
	Pages = {1-9},
	Title = {Discovering spatiotemporal mobility profiles of cellphone users},
	Year = {2009}}

@inproceedings{Federrath:1996,
	Author = {Federrath, Hannes and Jerichow, Anja and Pfitzmann, Andreas},
	Booktitle = {Proc.\ Intl.\ Wrkshp on Information Hiding},
	Date-Added = {2014-01-03 18:01:40 +0000},
	Date-Modified = {2014-01-03 18:01:55 +0000},
	Isbn = {3-540-61996-8},
	Numpages = {15},
	Pages = {121--135},
	Title = {{MIXes in Mobile Communication Systems: Location Management with Privacy}},
	Url = {http://dl.acm.org/citation.cfm?id=647594.731527},
	Year = {1996}}

@inproceedings{Federrath:1995,
	Author = {Hannes Federrath and Anja Jerichow and Dogan Kesdogan and Andreas Pfitzmann},
	Booktitle = {Proc.\ IFIP/TC6 Personal Wireless Communications},
	Date-Added = {2014-01-03 17:42:27 +0000},
	Date-Modified = {2014-01-03 17:44:09 +0000},
	Month = {April},
	Pages = {105-116},
	Title = {{Security in Public Mobile Communication Networks}},
	Year = {1995}}

@misc{ETSI:2006,
	Author = {European Telecommunications Standards Institute (ETSI)},
	Date-Added = {2014-01-03 17:11:19 +0000},
	Date-Modified = {2014-01-03 17:15:16 +0000},
	Howpublished = {\url{http://www.3gpp.org/DynaReport/0209.htm}},
	Month = {June},
	Title = {Digital cellular telecommunications system (Phase 2+); Security aspects},
	Year = {2006}}

@article{Zhu:2004,
	Author = {Jianming Zhu and Jianfeng Ma},
	Date-Added = {2014-01-03 16:52:35 +0000},
	Date-Modified = {2014-01-03 16:52:43 +0000},
	Doi = {10.1109/TCE.2004.1277867},
	Issn = {0098-3063},
	Journal = {IEEE Trans.\ on Consumer Electronics},
	Number = {1},
	Pages = {231--235},
	Title = {A new authentication scheme with anonymity for wireless environments},
	Volume = {50},
	Year = {2004}}

@incollection{Yang:2005,
	Author = {Yang, Guomin and Wong, DuncanS. and Deng, Xiaotie},
	Booktitle = {Applied Cryptography and Network Security},
	Date-Added = {2014-01-03 16:50:56 +0000},
	Date-Modified = {2014-01-03 16:51:10 +0000},
	Doi = {10.1007/11496137_23},
	Pages = {334--349},
	Series = {LNCS},
	Title = {Efficient Anonymous Roaming and Its Security Analysis},
	Url = {http://dx.doi.org/10.1007/11496137_23},
	Volume = {3531},
	Year = {2005}}

@article{Jiang:2006,
	Author = {Yixin Jiang and Chuang Lin and Xuemin Shen and Minghui Shi},
	Date-Added = {2014-01-03 16:49:13 +0000},
	Date-Modified = {2014-01-03 16:49:27 +0000},
	Doi = {10.1109/TWC.2006.05063},
	Issn = {1536-1276},
	Journal = {IEEE Trans.\ on Wireless Communications},
	Number = {9},
	Pages = {2569-2577},
	Title = {{Mutual Authentication and Key Exchange Protocols for Roaming Services in Wireless Mobile Networks}},
	Volume = {5},
	Year = {2006}}

@inproceedings{Park:2001,
	Author = {Jaegwan Park and Jaeseung Go and Kwangjo Kim},
	Booktitle = {Proc.\ SCIS},
	Date-Added = {2014-01-03 16:46:29 +0000},
	Date-Modified = {2014-01-03 16:47:57 +0000},
	Pages = {159--164},
	Title = {Wireless authentication protocol preserving user anonymity},
	Year = {2001}}

@article{Fatemi:2010,
	Author = {Fatemi, M. and Salimi, S. and Salahi, A.},
	Date-Added = {2014-01-03 16:42:40 +0000},
	Date-Modified = {2014-01-03 16:42:41 +0000},
	Doi = {10.1049/iet-ifs.2009.0154},
	Issn = {1751-8709},
	Journal = {IET Information Security Journal},
	Number = {2},
	Pages = {93-103},
	Title = {Anonymous roaming in universal mobile telecommunication system mobile networks},
	Volume = {4},
	Year = {2010}}

@incollection{Reed:1998,
	Author = {Reed, Michael G. and Syverson, Paul F. and Goldschlag, David M.},
	Booktitle = {Security Protocols},
	Date-Added = {2014-01-02 21:29:16 +0000},
	Date-Modified = {2014-01-03 19:01:04 +0000},
	Pages = {13-23},
	Series = {LNCS},
	Title = {{Protocols using anonymous connections: Mobile applications}},
	Url = {http://dx.doi.org/10.1007/BFb0028156},
	Volume = {1361},
	Year = {1998}}

@inproceedings{Isaacman:2011,
	Author = {Isaacman, Sibren and Becker, Richard and C\'{a}ceres, Ram\'{o}n and Kobourov, Stephen and Martonosi, Margaret and Rowland, James and Varshavsky, Alexander},
	Booktitle = {Proc.\ Intl.\ Conf.\ on Pervasive Computing},
	Date-Added = {2014-01-02 19:30:50 +0000},
	Date-Modified = {2014-01-02 19:31:07 +0000},
	Pages = {133--151},
	Title = {{Identifying Important Places in People's Lives from Cellular Network Data}},
	Url = {http://dl.acm.org/citation.cfm?id=2021975.2021988},
	Year = {2011}}

@inproceedings{Dey:2014,
	Author = {Sanorita Dey and Nirupam Roy and Wenyuan Xu and Romit Roy Choudhury and Srihari Nelakuditi},
	Booktitle = {Proc.\ ISOC NDSS},
	Date-Added = {2014-01-02 19:21:15 +0000},
	Date-Modified = {2014-01-02 19:23:00 +0000},
	Month = feb,
	Title = {{AccelPrint: Imperfections of Accelerometers Make Smartphones Trackable}},
	Year = {2014}}

@inproceedings{Bindschaedler:2012,
	Author = {Laurent Bindschaedler and Jadliwala, Murtuza and Bilogrevic, Igor and Imad Aad and Hubaux, Jean-Pierre and Valtteri Niemi and Philip Ginzboorg},
	Booktitle = {Proc.\ ISOC NDSS},
	Date-Added = {2014-01-02 19:01:41 +0000},
	Date-Modified = {2014-03-10 02:50:40 +0000},
	Month = feb,
	Title = {{Track Me If You Can: On the Effectiveness of Context-based Identifier Changes in Deployed Mobile Networks}},
	Url = {http://infoscience.epfl.ch/record/169827/files/tmiyc_BindJadBAGNH_final.pdf},
	Year = {2012}}

@inproceedings{Kido:2005,
	Author = {Kido, H. and Yanagisawa, Y. and Satoh, T.},
	Booktitle = {Proc.\ Intl.\ Conf.\ on Pervasive Services},
	Date-Added = {2014-01-02 18:58:33 +0000},
	Date-Modified = {2014-01-02 18:58:40 +0000},
	Doi = {10.1109/PERSER.2005.1506394},
	Pages = {88-97},
	Title = {An anonymous communication technique using dummies for location-based services},
	Year = {2005}}

@inproceedings{Freudiger:2010,
	Author = {Freudiger, J. and Manshaei, H. and Le Boudec, J.-Y. and Hubaux, J-P},
	Booktitle = {Proc.\ IEEE INFOCOM},
	Date-Added = {2014-01-02 18:51:05 +0000},
	Date-Modified = {2014-01-02 18:51:05 +0000},
	Doi = {10.1109/INFCOM.2010.5461975},
	Issn = {0743-166X},
	Pages = {1-9},
	Title = {On the Age of Pseudonyms in Mobile Ad Hoc Networks},
	Year = {2010}}

@inproceedings{Freudiger:2009,
	Author = {Freudiger, Julien and Shokri, Reza and Hubaux, Jean-Pierre},
	Booktitle = {Proc.\ PETS},
	Date-Added = {2014-01-02 18:45:20 +0000},
	Date-Modified = {2014-01-02 18:45:48 +0000},
	Month = aug,
	Pages = {216--234},
	Title = {{On the Optimal Placement of Mix Zones}},
	Url = {http://dx.doi.org/10.1007/978-3-642-03168-7_13},
	Year = {2009}}

@incollection{Gorlach:2005,
	Author = {G{\"o}rlach, Andreas and Heinemann, Andreas and Terpstra, WesleyW.},
	Booktitle = {Privacy, Security and Trust within the Context of Pervasive Computing},
	Date-Added = {2014-01-02 18:43:12 +0000},
	Date-Modified = {2014-01-02 18:43:36 +0000},
	Pages = {23--34},
	Series = {The Intl.\ Series in Engineering and Computer Science},
	Title = {{Survey on Location Privacy in Pervasive Computing}},
	Url = {http://dx.doi.org/10.1007/0-387-23462-4_3},
	Volume = {780},
	Year = {2005}}

@article{Krumm:2009,
	Author = {Krumm, John},
	Date-Added = {2014-01-02 18:36:21 +0000},
	Date-Modified = {2014-01-02 18:36:34 +0000},
	Issn = {1617-4909},
	Issue_Date = {August 2009},
	Journal = {Personal Ubiquitous Comput.},
	Month = aug,
	Number = {6},
	Pages = {391--399},
	Title = {A Survey of Computational Location Privacy},
	Url = {http://dx.doi.org/10.1007/s00779-008-0212-5},
	Volume = {13},
	Year = {2009}}

@inproceedings{Krumm:2007,
	Author = {Krumm, John},
	Booktitle = {Proc.\ Intl.\ Conf.\ on Pervasive Computing},
	Date-Added = {2014-01-02 18:30:21 +0000},
	Date-Modified = {2014-01-02 18:30:34 +0000},
	Isbn = {978-3-540-72036-2},
	Month = may,
	Pages = {127--143},
	Title = {{Inference Attacks on Location Tracks}},
	Url = {http://dl.acm.org/citation.cfm?id=1758156.1758167},
	Year = {2007}}

@inproceedings{Zang:2011,
	Author = {Zang, Hui and Bolot, Jean},
	Booktitle = {Proc.\ ACM MobiCom},
	Date-Added = {2014-01-02 18:06:04 +0000},
	Date-Modified = {2014-01-02 18:06:20 +0000},
	Pages = {145--156},
	Title = {{Anonymization of Location Data Does Not Work: A Large-scale Measurement Study}},
	Url = {http://doi.acm.org/10.1145/2030613.2030630},
	Year = {2011}}

@inproceedings{Golle:2009,
	Author = {Golle, Philippe and Partridge, Kurt},
	Booktitle = {Proc.\ Intl.\ Conf.\ on Pervasive Computing},
	Date-Added = {2014-01-02 18:01:07 +0000},
	Date-Modified = {2014-01-02 18:01:08 +0000},
	Doi = {10.1007/978-3-642-01516-8_26},
	Isbn = {978-3-642-01515-1},
	Numpages = {8},
	Pages = {390--397},
	Title = {On the Anonymity of Home/Work Location Pairs},
	Url = {http://dx.doi.org/10.1007/978-3-642-01516-8_26},
	Year = {2009}}

@inproceedings{Mulder:2008,
	Author = {Mulder, Yoni De and Danezis, George and Batina, Lejla and Preneel, Bart},
	Booktitle = {Proc.\ ACM Wrkshp on Privacy in the Electronic Society},
	Date-Added = {2014-01-02 17:46:01 +0000},
	Date-Modified = {2014-03-08 19:55:25 +0000},
	Doi = {10.1145/1456403.1456409},
	Pages = {23--32},
	Title = {{Identification via Location-profiling in GSM Networks}},
	Url = {http://doi.acm.org/10.1145/1456403.1456409},
	Year = {2008}}

@inproceedings{Zan:2013,
	Author = {Zan, Bin and Sun, Zhanbo and Gruteser, Macro and Ban, Xuegang},
	Booktitle = {Proc.\ ACM Conf.\ on Data and Application Security and Privacy},
	Date-Added = {2014-01-02 17:16:03 +0000},
	Date-Modified = {2014-01-02 17:16:17 +0000},
	Pages = {293--300},
	Title = {Linking Anonymous Location Traces Through Driving Characteristics},
	Url = {http://doi.acm.org/10.1145/2435349.2435391},
	Year = {2013}}

@phdthesis{Ficek:2013,
	Address = {\url{https://dspace.cvut.cz/bitstream/handle/10467/18881/TEZE_Diserta%C4%8Dn%C3%AD%20pr%C3%A1ce_Ficek_Michal_2013.pdf}},
	Author = {Michal Ficek},
	Date-Added = {2014-01-02 16:44:58 +0000},
	Date-Modified = {2014-01-02 16:46:34 +0000},
	Month = {June},
	School = {Czech Technical University in Prague},
	Title = {{Tracking Users in Mobile Networks: Data Acquisition Methods and their Limits}},
	Year = {2013}}

@inproceedings{Beresford:2004,
	Author = {Beresford, A.R. and Stajano, F.},
	Booktitle = {Proc.\ Pervasive Computing and Communications Wrkshps},
	Date-Added = {2014-01-02 14:51:11 +0000},
	Date-Modified = {2014-03-10 02:50:03 +0000},
	Doi = {10.1109/PERCOMW.2004.1276918},
	Pages = {127-131},
	Title = {Mix zones: user privacy in location-aware services},
	Year = {2004}}

@inproceedings{Gorlatova:2011a,
	Author = {Gorlatova, M. and Aiello, R. and Mangold, S.},
	Booktitle = {Proc.\ MILCOM},
	Date-Added = {2014-01-02 14:44:35 +0000},
	Date-Modified = {2014-01-06 03:15:34 +0000},
	Doi = {10.1109/MILCOM.2011.6127464},
	Issn = {2155-7578},
	Month = nov,
	Pages = {1201-1206},
	Title = {Managing base station location privacy},
	Year = {2011}}

@inproceedings{Gorlatova:2011,
	Author = {Gorlatova, M. and Aiello, R. and Mangold, S.},
	Booktitle = {Proc.\ WiOpt Symposium},
	Date-Added = {2014-01-02 14:43:23 +0000},
	Date-Modified = {2014-01-02 14:43:23 +0000},
	Doi = {10.1109/WIOPT.2011.5930055},
	Month = may,
	Pages = {418-422},
	Title = {Managing location privacy in cellular networks with femtocell deployments},
	Year = {2011}}

@inproceedings{Smit:2012,
	Author = {Smit, L. and Stander, A. and Ophoff, J.},
	Booktitle = {Proc.\ CyberSec Conf.},
	Date-Added = {2014-01-02 14:36:47 +0000},
	Date-Modified = {2014-01-02 14:39:03 +0000},
	Doi = {10.1109/CyberSec.2012.6246171},
	Pages = {88-93},
	Title = {Investigating the accuracy of base station information for estimating cellphone location},
	Url = {http://ieeexplore.ieee.org/xpls/abs_all.jsp?arnumber=6246171&tag=1},
	Year = {2012}}

@inproceedings{Watzdorf:2010,
	Author = {von Watzdorf, Stephan and Michahelles, Florian},
	Booktitle = {Proc.\ Intl.\ Wrkshp on Location and the Web},
	Date-Added = {2014-01-02 06:19:12 +0000},
	Date-Modified = {2014-01-02 06:19:30 +0000},
	Pages = {2:1--2:4},
	Title = {{Accuracy of Positioning Data on Smartphones}},
	Year = {2010}}

@inproceedings{Yang:2010,
	Author = {Yang, Jie and Varshavsky, Alexander and Liu, Hongbo and Chen, Yingying and Gruteser, Marco},
	Booktitle = {Proc.\ ACM Intl.\ Conf.\ on Ubiquitous Computing},
	Date-Added = {2014-01-02 06:15:42 +0000},
	Date-Modified = {2014-01-02 06:15:57 +0000},
	Pages = {223--226},
	Title = {{Accuracy Characterization of Cell Tower Localization}},
	Url = {http://doi.acm.org/10.1145/1864349.1864384},
	Year = {2010}}

@inproceedings{Xu:2009,
	Author = {Xu, Toby and Cai, Ying},
	Booktitle = {Proc.\ ACM CCS},
	Date-Added = {2014-01-02 06:11:34 +0000},
	Date-Modified = {2014-01-02 06:11:51 +0000},
	Pages = {348--357},
	Title = {{Feeling-based Location Privacy Protection for Location-based Services}},
	Year = {2009}}

@inproceedings{Gruteser:2005,
	Author = {Gruteser, Marco and Hoh, Baik},
	Booktitle = {Proc.\ Second Intl.\ Conf.\ on Security in Pervasive Computing},
	Date-Added = {2014-01-02 05:53:31 +0000},
	Date-Modified = {2014-01-02 05:53:48 +0000},
	Pages = {179--192},
	Title = {On the Anonymity of Periodic Location Samples},
	Year = {2005}}

@inproceedings{Meyerowitz:2009,
	Author = {Meyerowitz, Joseph and Roy Choudhury, Romit},
	Booktitle = {Proc.\ Annual Intl.\ Conf.\ on Mobile Computing and Networking},
	Date-Added = {2014-01-02 05:27:15 +0000},
	Date-Modified = {2014-01-02 05:27:43 +0000},
	Pages = {345--356},
	Title = {{Hiding Stars with Fireworks: Location Privacy Through Camouflage}},
	Url = {http://doi.acm.org/10.1145/1614320.1614358},
	Year = {2009}}

@inproceedings{Ma:2010,
	Author = {Ma, Chris Y.T. and Yau, David K.Y. and Yip, Nung Kwan and Rao, Nageswara S.V.},
	Booktitle = {Proc.\ MobiCom},
	Date-Added = {2014-01-02 05:22:48 +0000},
	Date-Modified = {2014-01-02 05:22:48 +0000},
	Pages = {185--196},
	Title = {Privacy Vulnerability of Published Anonymous Mobility Traces},
	Url = {http://doi.acm.org/10.1145/1859995.1860017},
	Year = {2010}}

@article{Beresford:2003,
	Author = {Beresford, A.R. and Stajano, F.},
	Date-Added = {2014-01-02 05:17:14 +0000},
	Date-Modified = {2014-01-02 05:17:29 +0000},
	Doi = {10.1109/MPRV.2003.1186725},
	Issn = {1536-1268},
	Journal = {IEEE Pervasive Computing},
	Number = {1},
	Pages = {46--55},
	Title = {Location privacy in pervasive computing},
	Volume = {2},
	Year = {2003}}

@inproceedings{Shokri:2011,
	Author = {Shokri, Reza and Theodorakopoulos, George and Danezis, George and Hubaux, Jean-Pierre and Boudec, Jean-Yves},
	Booktitle = {Proc.\ PETS},
	Date-Added = {2014-01-02 04:40:57 +0000},
	Date-Modified = {2014-01-02 04:41:27 +0000},
	Month = aug,
	Pages = {57--76},
	Title = {{Quantifying Location Privacy: The Case of Sporadic Location Exposure}},
	Year = {2011}}

@inproceedings{Narayanan:2011,
	Author = {A. Narayanan and N. Thiagarajan and M. Lakhani and M. Hamburg and D. Boneh},
	Booktitle = {Proc.\ ISOC NDSS},
	Date-Added = {2014-01-02 04:23:04 +0000},
	Date-Modified = {2014-01-02 04:23:37 +0000},
	Month = feb,
	Title = {Location privacy via private proximity testing},
	Year = {2011}}

@inproceedings{Lin:2012,
	Author = {Lin, Zi and Foo Kune, Denis and Hopper, Nicholas},
	Booktitle = {Proc.\ Financial Cryptography and Data Security Conference},
	Date-Added = {2014-01-02 04:10:28 +0000},
	Date-Modified = {2014-01-02 04:11:31 +0000},
	Pages = {73--88},
	Series = {LNCS},
	Title = {Efficient Private Proximity Testing with GSM Location Sketches},
	Volume = {7397},
	Year = {2012}}

@article{Ray:2002,
	Author = {Ray, Indrajit and Ray, Indrakshi},
	Date-Added = {2014-01-02 03:22:06 +0000},
	Date-Modified = {2014-01-02 03:22:07 +0000},
	Doi = {10.1145/844340.844345},
	Issn = {1551-9031},
	Issue_Date = {Spring, 2002},
	Journal = {SIGecom Exch.},
	Month = mar,
	Number = {2},
	Numpages = {9},
	Pages = {9--17},
	Title = {Fair Exchange in E-commerce},
	Url = {http://doi.acm.org/10.1145/844340.844345},
	Volume = {3},
	Year = {2002}}

@misc{Wikipedia:mvno,
	Author = {Wikipedia},
	Date-Added = {2013-12-31 05:00:11 +0000},
	Date-Modified = {2013-12-31 05:02:06 +0000},
	Howpublished = {Last checked 2013-12-31. \url{http://en.wikipedia.org/wiki/List_of_United_States_mobile_virtual_network_operators}},
	Title = {List of US Mobile MVNOs}}

@incollection{Kesdogan:1996,
	Author = {Kesdogan, Dogan and Federrath, Hannes and Jerichow, Anja and Pfitzmann, Andreas},
	Booktitle = {{Information Systems Security}},
	Date-Added = {2013-12-30 03:29:17 +0000},
	Date-Modified = {2014-01-03 19:00:36 +0000},
	Pages = {39--48},
	Title = {{Location Management Strategies Increasing Privacy in Mobile Communication}},
	Url = {http://dl.acm.org/citation.cfm?id=265514.265519},
	Year = {1996}}

@misc{Nakamoto:2009,
	Author = {Nakamoto, Satoshi},
	Date-Added = {2013-12-30 02:08:25 +0000},
	Date-Modified = {2013-12-30 02:10:02 +0000},
	Howpublished = {\url{http://www.bitcoin.org/ bitcoin.pdf}},
	Title = {{Bitcoin: A Peer-to-Peer Electronic Cash System}},
	Year = 2009}

@inproceedings{Meiklejohn:2013,
	Author = {Meiklejohn, Sarah and Pomarole, Marjori and Jordan, Grant and Levchenko, Kirill and McCoy, Damon and Voelker, Geoffrey M. and Savage, Stefan},
	Booktitle = {Proc.\ Conf.\ on Internet Measurement Conference},
	Date-Added = {2013-12-30 02:05:20 +0000},
	Date-Modified = {2013-12-30 02:05:40 +0000},
	Pages = {127--140},
	Title = {A Fistful of Bitcoins: Characterizing Payments Among Men with No Names},
	Url = {http://doi.acm.org/10.1145/2504730.2504747},
	Year = {2013}}

@inproceedings{Danezis:2004,
	Author = {George Danezis},
	Booktitle = {Proc.\ PETS},
	Date-Added = {2013-12-28 18:31:06 +0000},
	Date-Modified = {2013-12-28 18:31:08 +0000},
	Month = {Aug},
	Pages = {35--50},
	Title = {The Traffic Analysis of Continuous-Time Mixes},
	Year = {2004}}

@inproceedings{Soroush:2011a,
	Author = {Hamed Soroush and Peter Gilbert and Nilanjan Banerjee and Brian Neil Levine and Mark Corner and Landon Cox},
	Booktitle = {Proc.\ ACM CoNEXT},
	Date-Added = {2013-12-27 05:54:05 +0000},
	Date-Modified = {2013-12-27 05:54:26 +0000},
	Month = {December},
	Title = {{Concurrent Wi-Fi for Mobile Users: Analysis and Measurements}},
	Url = {http://forensics.umass.edu/pubs/soroush.conext.2011.pdf},
	Year = {2011},
	Bdsk-Url-1 = {http://forensics.umass.edu/pubs/soroush.conext.2011.pdf}}

@article{Liberatore:2011,
	Author = {Marc Liberatore and Bikas Gurung and Brian Neil Levine and Matthew Wright},
	Date-Added = {2013-12-27 05:53:01 +0000},
	Date-Modified = {2013-12-27 05:53:03 +0000},
	Journal = {Elsevier Journal of Network and Computer Applications},
	Month = {January},
	Number = 1,
	Pages = {341-350},
	Title = {{Empirical Tests of Anonymous Voice Over IP}},
	Url = {http://forensics.umass.edu/pubs/liberatore.JCNA.2010.pdf},
	Volume = 34,
	Year = {2011},
	Bdsk-Url-1 = {http://forensics.umass.edu/pubs/liberatore.JCNA.2010.pdf}}

@misc{3GPP-TS-23.060,
	Author = {{3GPP TS 23.060 version 11.7.0}},
	Date-Added = {2013-12-27 03:57:43 +0000},
	Date-Modified = {2013-12-27 04:01:33 +0000},
	Howpublished = {\url{http://www.etsi.org/deliver/etsi_ts/123000_123099/123060/11.07.00_60/ts_123060v110700p.pdf}},
	Title = {{Universal Mobile Telecommunications System (UMTS); General Packet Radio Service (GPRS); Service description}}}

@misc{3GPP-TS-04.08,
	Author = {{3GPP TS 04.08 version 7.21.0}},
	Date-Added = {2013-12-27 02:55:57 +0000},
	Date-Modified = {2013-12-27 02:58:50 +0000},
	Howpublished = {\url{http://www.etsi.org/deliver/etsi_ts/100900_100999/100940/07.21.00_60/ts_100940v072100p.pdf} Default time values on page 574.},
	Title = {{Mobile radio interface layer 3 specification}}}

@inproceedings{Foo:2012,
	Author = {D. Foo Kune and J. Koelndorfer and N. Hopper and Y. Kim},
	Booktitle = {Proc.\ ISOC NDSS},
	Date-Modified = {2014-03-03 21:21:00 +0000},
	Month = feb,
	Title = {{Location leaks on the GSM Air Interface}},
	Year = {2012}}

@inproceedings{Soroush:2013,
	Author = {Hamed Soroush and Keen Sung and Erik Learned-Miller and Brian Neil Levine and Marc Liberatore},
	Booktitle = {Proc.\ PETS},
	Date-Added = {2013-03-30 13:00:26 +0000},
	Date-Modified = {2013-05-03 12:23:00 +0000},
	Month = {July},
	Pages = {103--122},
	Title = {{Disabling GPS is Not Enough: Cellular location leaks over the Internet}},
	Url = {http://forensics.umass.edu/pubs/soroush.pets.2013.pdf},
	Year = {2013}}

@inproceedings{BanerjeeMobicom08,
	Author = {Banerjee, Nilanjan and Corner, Mark D. and Towsley, Don and Levine, Brian Neil},
	Booktitle = {Proc.\ ACM MobiCom},
	Date-Added = {2008-06-19 17:54:40 -0400},
	Date-Modified = {2011-02-13 22:39:49 -0500},
	Month = {September},
	Pages = {81--91},
	Title = {{Relays, Base Stations, and Meshes: Enhancing Mobile Networks with Infrastructure}},
	Year = {2008}}

@article{greenwald2013boundless,
	title={Boundless Informant: the NSA’s secret tool to track global surveillance data},
	author={Greenwald, Glenn and MacAskill, Ewen},
	journal={The Guardian},
	volume={11},
	year={2013}
}

@inproceedings{dabrowski2014imsi,
	title={IMSI-catch me if you can: IMSI-catcher-catchers},
	author={Dabrowski, Adrian and Pianta, Nicola and Klepp, Thomas and Mulazzani, Martin and Weippl, Edgar},
	booktitle={Proceedings of the 30th annual computer security applications Conference},
	pages={246--255},
	year={2014},
	organization={ACM}
}

@article{jaqaman2008robust,
	title={Robust single-particle tracking in live-cell time-lapse sequences},
	author={Jaqaman, Khuloud and Loerke, Dinah and Mettlen, Marcel and Kuwata, Hirotaka and Grinstein, Sergio and Schmid, Sandra L and Danuser, Gaudenz},
	journal={Nature methods},
	volume={5},
	number={8},
	pages={695--702},
	year={2008},
	publisher={Nature Publishing Group}
}

@inproceedings{qin2012improving,
	title={Improving multi-target tracking via social grouping},
	author={Qin, Zhen and Shelton, Christian R},
	booktitle={Computer Vision and Pattern Recognition (CVPR), 2012 IEEE Conference on},
	pages={1972--1978},
	year={2012},
	organization={IEEE}
}

@inproceedings{yang2012online,
	title={An online learned CRF model for multi-target tracking},
	author={Yang, Bo and Nevatia, Ram},
	booktitle={Computer Vision and Pattern Recognition (CVPR), 2012 IEEE Conference on},
	pages={2034--2041},
	year={2012},
	organization={IEEE}
}

@article{markov1957theory,
	title={Theory of algorithms},
	author={Markov, Andre{\u\i}} Andreevich},
year={1957}
}

@inproceedings{beresford2004mix,
	title={Mix zones: User privacy in location-aware services},
	author={Beresford, Alastair R and Stajano, Frank},
	booktitle={Pervasive Computing and Communications Workshops, 2004. Proceedings of the Second IEEE Annual Conference on},
	pages={127--131},
	year={2004},
	organization={IEEE}
}